3059 5050
414 318 539 378 342

1436 314 1515 373 A.
1565 310 1854 375 HIRTII

499 484 563 524 sc
592 462 653 522 in
684 471 884 522 castra
925 459 1238 542 recipiunt.
1329 458 1474 540 Quo
1503 460 1667 521 sacto
1714 474 1924 543 postea
1953 471 2092 521 suut
2134 438 2398 523 deterriti
2429 458 2719 542 oppidum
2752 473 2894 524 ten·

501 561 649 608 tare.

585 628 798 692 XXX.
833 629 1044 712 Scipio
1075 629 1309 690 interim
1338 629 1462 691 sere
1494 630 1764 711 quotidie
1794 652 1915 691 non
1946 629 2132 711 longe
2160 630 2197 690 a
2221 631 2340 691 suis
2363 629 2573 690 castris
2600 632 2883 713 passibus

506 738 649 778 cco.
684 716 973 776 instruere
1023 716 1235 790 aciem,
1284 736 1355 776 ac
1406 717 1637 796 majore
1683 716 1803 777 diei
1852 732 2021 799 parte
2068 715 2445 798 consumpta,
2495 736 2697 776 rursus
2728 719 2894 779 sein

420 807 459 864 5
506 816 704 863 castra
736 801 1018 883 recipere.
1107 799 1294 881 Quod
1340 821 1525 882 quum
1559 801 1780 883 saepius
1811 801 1997 877 fieret,
2030 822 2223 882 neque
2250 822 2329 861 ex
2362 800 2630 860 Caesaris
2673 802 2894 862 castris

506 887 822 969 quisquam
880 886 1164 968 prodiret,
1214 906 1405 966 neque
1458 886 1708 968 propius
1760 887 1889 967 ejus
1942 886 2150 968 copias
2210 886 2542 961 accederet,
2603 886 2895 969 despecta

503 972 794 1055 patientia
819 970 1085 1032 Caesaris
1110 970 1526 1052 exercitusque
1551 974 1697 1051 ejus»,
1721 972 2011 1032 universis
2036 971 2228 1055 copiis
2250 969 2577 1054 productis,
2599 971 2890 1053 elephan-

508 1058 701 1138 tisque
730 1057 955 1117 turritis
986 1076 1122 1116 xxx.
1156 1068 1293 1117 ante
1337 1055 1529 1116 aciem
1574 1056 1898 1132 instructiS‚
1930 1056 2110 1138 quam
2156 1054 2447 1117 latissime
2493 1057 2707 1138 potuit,
2740 1079 2888 1139 por—

504 1144 669 1203 recta
697 1141 961 1223 equitum
995 1141 1379 1224 peditumque
1410 1141 1811 1218 multitudine,
1843 1161 1965 1203 uno
1997 1156 2266 1223 tempore
2307 1162 2681 1225 progressuS,
2721 1142 2888 1205 haud

428 1228 592 1293 lOita
622 1227 804 1305 longe
833 1228 871 1288 a
902 1225 1171 1288 Caesaris
1195 1229 1404 1287 castris
1435 1226 1705 1288 constitit
1734 1226 1795 1287 in
1824 1247 2064 1309 campO.

588 1310 835 1373 XXXI.
883 1311 1123 1394 Quibus
1156 1313 1331 1372 rebus
1362 1312 1644 1391 cogiiitiS‚
1672 1311 1889 1372 Caesar
1901 1313 2079 1393 jubet
2103 1311 2337 1388 milites,
2365 1313 2466 1394 qui
2492 1328 2664 1373 extra
2691 1313 2890 1373 muni-

504 1400 693 1459 tiones
743 1410 1178 1480 processerant,
1228 1397 1448 1477 quique
1495 1396 1849 1479 pabulandi,
1900 1410 2004 1457 aut
2050 1396 2342 1478 lignandi,
2375 1413 2479 1459 aut
2525 1399 2702 1459 etiam
2755 1419 2889 1459 mu·

503 1483 708 1543 niendi
755 1482 957 1563 gratia
984 1480 1201 1541 vallem
1250 1482 1563 1563 petierant,
1596 1503 1855 1563 quaeque
1900 1483 1978 1542 ad
2027 1482 2278 1544 eandem
2327 1504 2450 1545 rem
2498 1503 2651 1565 opus
2696 1498 2887 1557 erant,

504 1588 711 1628 omnes
743 1567 901 1628 intra
927 1567 1289 1628 munitiones
1319 1567 1656 1628 minutatim
1685 1568 2075 1648 modesteque
2100 1570 2226 1629 sine
2247 1568 2504 1630 tumultu
2533 1581 2638 1629 aut
2662 1583 2890 1629 terrore

425 1657 566 1715 15se
590 1653 873 1735 recipere,
901 1665 1079 1733 atque
1099 1652 1161 1713 in
1192 1672 1376 1733 opere
1404 1652 1748 1714 consistere.
1809 1652 2137 1734 Equitibus
2163 1665 2382 1731 autem,
2409 1655 2511 1735 qui
2544 1654 2604 1715 in
2631 1654 2891 1714 statione

501 1738 757 1813 fuerant,
809 1737 1108 1820 praecipit,
1156 1750 1223 1797 ut
1272 1758 1457 1818 usque
1505 1759 1579 1797 eo
1628 1739 1826 1799 locum
1879 1739 2235 1815 obtinerent,
2264 1739 2323 1801 in
2358 1760 2479 1822 quo
2510 1738 2719 1823 paullo
2749 1753 2890 1799 aute

504 1823 926 1899 constitissent,
975 1823 1170 1884 donec
1202 1824 1280 1884 ab
1311 1823 1479 1883 hoste
1524 1823 1766 1884 missum
1807 1824 1987 1885 telum
2021 1825 2100 1885 ad
2132 1845 2193 1884 se
2223 1825 2580 1907 perveniret,
2627 1825 2790 1906 quod
2841 1823 2888 1885 si

502 1908 753 1991 propius
779 1908 1184 1984 accederetur,
1211 1908 1391 1988 quam
1425 1909 1841 1970 honestissime
1875 1930 1935 1970 se
1967 1910 2124 1970 intra
2150 1910 2511 1972 munitiones
2536 1910 2886 1991 reciperent.

502 1993 625 2054 Alii
658 2014 900 2075 quoque
942 1993 1231 2075 equitatui
1261 1993 1459 2069 edicit,
1495 1993 1575 2054 uti
1609 1995 1859 2075 quisque
1890 2016 1999 2055 suo
2031 1994 2168 2055 loco
2212 2009 2455 2078 paratus
2502 2012 2889 2075 armatusque

416 2078 727 2162 20praesto
758 2091 928 2140 esset.

1020 2078 1104 2139 At
1136 2078 1267 2138 liaec
1300 2084 1420 2139 non
1453 2078 1580 2160 ipse
1613 2099 1720 2160 per
1749 2101 1812 2141 se
1841 2100 2068 2155 coram,
2101 2100 2283 2162 quum
2331 2081 2406 2141 de
2434 2079 2598 2141 vallo
2645 2100 2888 2163 perspe-

502 2164 824 2241 cularetnr,
856 2163 959 2225 sed
986 2163 1247 2224 mirabili
1274 2164 1499 2245 peritus
1529 2166 1781 2225 scientia
1807 2164 2088 2240 bellandi,
2117 2165 2176 2225 in
2211 2166 2499 2248 praetorio
2525 2166 2749 2239 sedenS,
2779 2186 2889 2245 per

502 2249 907 2331 speculatores
938 2263 998 2310 et
1026 2249 1267 2310 nuntios
1298 2248 1658 2331 imperabat,
1690 2270 1829 2330 quae
1854 2251 1985 2311 fieri
2011 2250 2270 2311 volebat.
2345 2251 2888 2313 Animadvertebat

500 2335 658 2394 enim
693 2355 1058 2416 quamquam
1094 2335 1331 2415 magnis
1356 2348 1553 2395 essent
1576 2334 1768 2417 copiis
1799 2336 2124 2396 adversarii
2143 2334 2310 2413 freti,
2336 2350 2539 2397 tamen
2564 2356 2716 2417 saepe
2748 2334 2784 2394 a
2818 2356 2886 2396 se

500 2418 743 2499 fugatiS,
794 2420 978 2502 pulsis
1027 2420 1471 2503 perterritisque
1518 2434 1578 2480 et
1623 2441 1973 2481 concessam
2025 2422 2230 2497 vitam,
2262 2435 2320 2483 et
2367 2421 2579 2502 ignota
2613 2434 2883 2503 peccata.

415 2504 741 2585 25Quibus
772 2508 949 2568 rebus
981 2527 1287 2588 nunquam
1320 2518 1488 2566 tanta
1518 2519 1858 2589 suppeteret
1887 2529 1962 2568 ex
1996 2507 2260 2590 ipsorum
2312 2507 2526 2568 inertia
2575 2506 2884 2568 conscien—

500 2591 702 2669 tiaque
733 2592 919 2651 animi
950 2592 1223 2660 victoriae
1254 2591 1497 2666 fidncia,
1533 2604 1596 2651 ut
1644 2605 1843 2653 castra
1887 2613 1995 2653 sua
2041 2592 2283 2653 adoriri.
2311 2593 2620 2654 auderent.

2711 2591 2883 2653 Prae-

498 2687 662 2735 terea
708 2675 895 2756 ipsius
944 2696 1163 2735 nomen
1210 2676 1658 2757 auctoritasque
1707 2678 1931 2758 magna
1978 2699 2055 2738 ex
2108 2691 2279 2760 parte
2323 2699 2530 2740 eorum
2587 2677 2883 2738 exercitiis

498 2759 807 2820 minuebat
856 2761 1196 2820 audaciam.
1283 2757 1449 2820 Tum
1499 2762 1770 2842 egregiae
1818 2763 2182 2824 munitiones
2229 2777 2584 2840 castrorum,
2633 2777 2694 2824 et
2741 2762 2882 2824 valli

499 2845 914 2927 fossarumque
940 2844 1216 2922 altitudO,
1247 2858 1306 2906 et
1334 2859 1508 2907 extra
1539 2846 1764 2907 vallum
1797 2847 1933 2928 styli
1966 2849 2139 2925 caeci,
2175 2848 2507 2910 mirabilem
2540 2849 2602 2910 in
2635 2849 2882 2909 modum

415 2931 733 3007 :30consiti‚
782 2931 879 2992 vel
932 2931 1059 2992 sine
1088 2930 1500 2993 defensoribus
1533 2932 1762 2993 aditum
1795 2934 2151 2995 adversariis
2189 2934 2610 3017 prohibebant.

2702 2933 2884 2994 Scor-

497 3017 768 3101 pionum,
816 3016 1260 3099 catapultarum
1310 3030 1791 3100 caeterorumque
1835 3019 2110 3094 telorum,
2144 3041 2282 3101 quae
2314 3020 2391 3081 ad
2439 3018 2882 3081 defendendum

498 3102 692 3164 solent
723 3103 945 3186 parari,
978 3124 1264 3184 magnam
1297 3105 1540 3186 copiam
1573 3105 1853 3165 habebat.
1929 3105 2131 3186 Atque
2156 3105 2288 3167 haec
2314 3118 2561 3189 propter
2586 3104 2883 3165 exercitiis

497 3188 588 3249 sui
636 3188 948 3270 praesentis
980 3189 1344 3271 paucitatem
1376 3203 1433 3250 et
1464 3189 1808 3250 tirocinium
1858 3204 2332 3273 praeparaverat,
2363 3212 2488 3252 non
2531 3190 2796 3251 hostium
2827 3188 2883 3249 vi

498 3289 557 3334 et
582 3287 743 3335 metu
772 3289 1129 3334 commotus,
1218 3273 1559 3336 Patientem
1591 3296 1672 3350 se,
1705 3275 2098 3356 timidumque
2129 3276 2387 3337 bostium
2419 3275 2693 3359 opinioni
2725 3295 2885 3357 prae·

414 3359 696 3419 35bebat.

785 3357 1001 3439 Neque
1032 3358 1261 3419 idcirco
1308 3359 1539 3442 copiaS,
1589 3381 1955 3441 quamquam
2006 3378 2177 3423 erant
2207 3383 2444 3446 paucae,
2477 3375 2883 3440 tironumque,

496 3463 621 3504 non
652 3443 947 3504 educebat
994 3443 1055 3503 in
1102 3443 1313 3519 aciem,
1347 3444 1512 3526 quod
1543 3446 1819 3507 victoriae
1849 3467 2093 3507 suorum
2126 3447 2458 3509 diffideret:
2513 3447 2617 3507 sed
2663 3443 2887 3505 referre

409 3626 598 3677 terram,
618 3635 720 3679 quie
738 3620 1035 3668 verisimilior
1057 3631 1129 3668 est
1148 3622 1303 3669 lectio.
1368 3623 1456 3669 llla
1470 3635 1617 3681 porro

1740 3625 1817 3670 29.
1843 3624 1905 3672 Et
1925 3631 2057 3672 eaelra
2079 3623 2244 3673 nauem
2265 3624 2372 3686 styli
2385 3623 2530 3684 σφι-ἰ]
2577 3624 2748 3669 Cacus
2770 3623 2884 3669 dici·

412 3684 583 3729 lacuna
629 3683 833 3740 potuerit
869 3698 972 3728 esse
1016 3686 1263 3745 scriptum,
1301 3687 1427 3745 quod
1470 3687 1619 3732 habet
1678 3694 1756 3732 tur
1793 3688 1872 3745 qui
1911 3703 2008 3734 non
2047 3688 2176 3733 videt
2207 3696 2290 3734 aut
2325 3703 2419 3733 non
2443 3687 2647 3739 videtur,
2683 3700 2884 3744 quorum

409 3745 711 3800 Plutarchus,
735 3762 886 3803 neque
908 3744 980 3793 hic
1003 3747 1193 3808 legitur,
1218 3748 1449 3795 Numidas
1473 3749 1616 3795 inter·

410 3808 594 3854 venisse
617 3809 849 3867 equitibus
875 3809 1096 3865 Caesaris,
1131 3813 1242 3856 dum
1267 3811 1615 3857 commisissent

410 3886 556 3930 equos
589 3872 756 3928 servis,
786 3886 929 3929 seque
968 3872 1222 3919 saltatione
1258 3883 1307 3918 et
1343 3883 1486 3919 cantu
1510 3873 1614 3919 Arri

409 3933 659 3994 cujusdam
703 3935 1016 3991 oblectarent,
1058 3935 1185 3993 quod
1228 3936 1317 3980 nisi
1362 3937 1528 3981 Caesar
1565 3943 1614 3982 et

409 3996 602 4042 Asinius
638 3996 789 4042 Pollio
828 3998 1188 4054 succurrissent,
1221 4007 1381 4044 actum
1416 4007 1520 4044 erat
1553 4001 1613 4044 de

413 4056 595 4104 summa
618 4059 742 4104 belli.

469 4121 546 4167 21.
570 4121 785 4169 niv-abili
808 4121 988 4184 peritus
1006 4122 1200 4169 scientia
1221 4121 1465 4184 bellandi]
1520 4122 1612 4169 Re-

405 4186 681 4242 pouendum
704 4183 731 4229 ὲ
753 4184 917 4243 Lipsio
941 4185 1123 4231 videtur
1140 4185 1339 4246 penitus.
1390 4187 1484 4232 Sed
1509 4201 1612 4244 per-

406 4260 589 4305 peram.
655 4247 781 4292 Nam
804 4262 970 4293 omnes
1004 4248 1147 4296 MSS.
1170 4247 1357 4293 codices
1388 4259 1612 4295 constan·

406 4319 481 4354 ter
501 4311 681 4355 habent
699 4309 887 4371 peritus.
952 4310 1074 4356 Tum
1099 4310 1323 4357 Latinam
1346 4325 1450 4357 esse
1482 4312 1610 4357 locu·

406 4371 586 4417 tionem
610 4371 706 4417 alia
729 4373 932 4418 Caesaris
957 4373 1065 4419 loca
1087 4374 1274 4419 docent.
1330 4372 1409 4420 Sic
1431 4373 1510 4419 lib.
1536 4388 1610 4428 ιιι.

405 4433 466 4477 de
492 4434 615 4479 bello
647 4433 785 4479 Civili
809 4435 1007 4495 legitur:
1060 4435 1153 4482 Usu
1168 4434 1313 4498 periti
1333 4449 1388 4482 ac
1408 4435 1611 4498 superio-

402 4492 531 4540 ribus
564 4495 736 4556 pugnis
756 4497 1010 4556 exercitali,
1041 4498 1128 4546 sud
1147 4502 1303 4560 sponte
1335 4512 1518 4545 cursum
1541 4512 1611 4545 re-

437 4562 670 4602 raserunt.

398 4570 432 4617 p
466 4618 541 4660 24.
572 4618 838 4665 Concessum
859 4622 1018 4677 vitam,
1040 4627 1082 4669 et
1104 4623 1267 4685 ignota
1283 4626 1485 4684 peccata.
1545 4622 1611 4669 Et

402 4679 466 4722 ad
507 4676 793 4735 Massiliam,
837 4683 1119 4742 Corfinium,
1163 4685 1389 4741 Ilerdam,
1427 4684 1441 4729 i
1560 4693 1610 4732 et

402 4740 529 4795 apud
559 4737 858 4788 Pharsalum.

1680 3751 1909 3809 stylorum
1935 3752 2101 3796 modus
2134 3749 2431 3802 describitur,
2455 3750 2536 3795 lib.
2563 3763 2651 3795 vn.
2674 3750 2738 3794 de
2759 3749 2883 3794 bello

1679 3811 1879 3859 Gallico.
1942 3814 2125 3859 Ferrea
2153 3813 2376 3859 acumina
2409 3821 2564 3868 erant,
2602 3812 2653 3856 in
2693 3826 2801 3871 quae
2834 3825 2884 3857 se

1679 3873 1940 3921 induebant
1962 3875 2153 3921 incauti.

1739 3938 1815 3982 31.
1842 3937 2235 4000 Catapultarum]
2282 3937 2541 3995 Catapulta
2573 3938 2750 3982 eadem
2781 3949 2883 3994 quas

1677 3999 1866 4056 balista,
1889 4002 1970 4046 sed
1995 3999 2191 4045 diversis
2224 3999 2441 4045 aetatibus
2465 3997 2657 4045 diversa
2691 3998 2885 4044 fuerunt

1676 4061 1887 4118 nomina,
1911 4064 2004 4108 tela
2032 4061 2187 4108 mittat
2209 4071 2254 4107 et
2277 4062 2426 4122 ligna,
2448 4076 2535 4108 nec
2558 4076 2657 4106 non
2681 4060 2880 4118 lapides.

1678 4123 1795 4170 Aliae
1833 4135 1972 4172 erant
2011 4125 2236 4186 majores,
2272 4125 2386 4170 alie
2413 4125 2640 4179 minores,
2679 4135 2883 4181 quarum

1676 4188 1934 4246 descriptio
1969 4188 2144 4248 legitur
2177 4189 2306 4246 apud
2346 4187 2653 4233 Aminianum
2687 4185 2715 4231 ὲ
2745 4184 2882 4230 nobis

1676 4263 1822 4307 supra
1857 4259 2245 4297 commemorata.
2313 4248 2471 4309 Hujus
2506 4257 2644 4294 tanta
2681 4247 2754 4293 vis
2789 4257 2882 4291 tor·

1674 4312 1822 4358 menti
1844 4320 1965 4366 erat,
1985 4321 2108 4359 teste
2131 4312 2428 4372 Hegesippo,
2464 4320 2513 4357 ut
2546 4309 2763 4369 percussi
2801 4310 2884 4354 ho·

1675 4374 1814 4420 minis
1853 4375 2127 4433 occipitium
2164 4389 2312 4433 usque
2348 4374 2409 4419 ad
2448 4373 2640 4419 tertium
2674 4372 2882 4417 stadium

1674 4445 1993 4491 excuteretur,
2018 4436 2224 4483 mulieris
2246 4450 2434 4495 quoque
2447 4437 2662 4496 gravide
2679 4434 2728 4478 in
2747 4442 2883 4478 utero

1673 4513 1926 4557 percussae,
1965 4513 2112 4557 supra
2148 4499 2287 4545 stadii
2326 4498 2573 4544 dimidium
2610 4499 2673 4543 de
2710 4495 2887 4541 intima

1673 4562 1785 4607 sede
1809 4560 2028 4622 genitalis
2052 4562 2220 4608 secreti
2245 4562 2401 4607 infans
2431 4568 2749 4606 excuteretur.
2804 4555 2887 4601 De

1673 4622 1809 4684 cujus
1825 4623 1980 4686 effigie
1997 4625 2190 4670 consule
2207 4623 2492 4680 Vitruvium,
2505 4623 2586 4669 lib.
2611 4637 2655 4668 x.
2673 4634 2781 4677 cap.
2805 4618 2884 4664 19.

1672 4686 1753 4745 qui
1775 4700 1885 4733 eam
1906 4684 2008 4734 fuse
2029 4685 2267 4734 describit.
