3059 5050
868 310 995 380 DE
1039 311 1347 378 BELLO
1392 309 1858 377 AFRICANO
1894 309 2194 379 LIBER.

2591 316 2717 382 365

237 468 343 529 eos
366 465 636 550 partibus
662 462 932 527 Caesaris
962 463 1179 525 favisse
1209 463 1496 539 scribant,
1530 477 1614 539 ut,
1645 462 1730 525 eis
1754 460 2098 540 interfectis,
2123 480 2333 525 eorum
2359 459 2627 545 pernicie

239 551 511 614 dolorem
538 571 713 612 suum
746 550 1195 612 ulciscerentur.
1281 545 1602 610 Uticenses
1633 547 1838 609 animo
1865 547 2074 610 addito
2104 568 2182 610 ex
2214 545 2483 610 Caesaris
2508 547 2636 611 vic-

238 637 414 711 toria,
476 636 785 720 lapidibus
836 634 1211 716 fustibusque
1263 634 1492 715 equites
1546 632 1911 717 repulerunt.
2019 631 2252 716 ltaque,
2311 648 2635 716 postquam

236 737 441 783 castra
471 742 594 782 non
664 733 947 783 otuerant
976 720 1177 803 potiri,
1202 717 1450 781 Uticam
1483 740 1548 780 se
1571 719 1632 779 in
1658 718 1954 801 oppidum
1979 718 2407 799 conjeceruut3
2457 732 2638 801 atque

238 806 325 868 ibi
355 805 580 867 multos
694 805 946 867 ticenses
990 803 1451 881 interfecerunt3

1503 804 1841 885 domosque
1887 822 2098 864 eorum
2128 800 2658 901 expugnaverunt·
2679 808 2719 867 5

238 912 314 953 ac
346 890 745 973 diripuerunt.
833 890 1070 973 Quibus
1102 909 1287 970 quum
1318 885 1484 950 Cato
1514 888 1876 972 persuadere
1918 886 2085 948 nulla
2127 900 2361 950 ratione
2419 888 2635 971 quiret,

239 989 308 1038 ut
362 996 566 1037 secum
615 975 905 1058 oppidum
952 972 1363 1049 defenderent,
1410 986 1471 1036 et
1517 973 1692 1036 caede
1739 972 2089 1056 rapinisque
2136 972 2505 1049 desisterent,
2553 986 2635 1051 et,

239 1060 391 1141 quid
423 1060 537 1122 sibi
568 1060 802 1136 vellent,
842 1058 1038 1134 sciret,
1069 1058 1361 1121 sedandas·
1390 1079 1602 1121 eorum
1633 1057 2106 1142 importunitatis
2136 1057 2354 1140 gratia,
2386 1057 2638 1140 singulis

242 1143 389 1207 H-S
440 1167 497 1207 c.
529 1145 748 1206 divisit.
834 1142 1005 1205 Idem
1040 1142 1219 1291 ΒῦΠα
1248 1141 1514 1207 Faustus
1545 1143 1705 1221 fecit,
1737 1163 1810 1205 ac
1841 1144 1917 1205 de
1947 1143 2057 1205 sua
2085 1143 2342 1227 pecunia
2382 1144 2638 1226 largitus

241 1246 368 1292 est:
415 1230 652 1312 unaque
679 1248 818 1291 cum
848 1228 923 1291 iis
953 1230 1034 1291 ab

240 1314 450 1378 tendit.

325 1396 764 1461 LXXXVIII.
798 1396 1168 1483 Complures
1199 1399 1435 1462 interim
1466 1421 1546 1463 ex
1576 1399 1727 1483 suga
1748 1396 1996 1462 Uticam
2027 1398 2405 1484 perveniunt.

1146 1229 1272 1293 tica
1298 1229 1728 1314 proficiscitur,
1760 1241 1942 1312 atque
1987 1229 2050 1291 in
2079 1249 2335 1311 regnum
2373 1228 2461 1291 ire
2489 1234 2722 1292 con-10

2464 1397 2641 1483 Quos

235 1506 445 1546 omnes
471 1483 638 1547 Cato
662 1501 1038 1547 convocatos
1069 1486 1191 1547 una
1222 1507 1357 1547 cum
1391 1507 1540 1548 ccc.
1573 1485 1676 1568 qui
1725 1484 2047 1568 pecuniam
2079 1482 2357 1568 Scipioni
2386 1484 2464 1546 ad
2513 1486 2640 1549 bel·

233 1570 359 1632 lum
392 1570 741 1632 faciendum
773 1571 1173 1648 contulerant,
1223 1571 1521 1648 hortatur,
1554 1586 1621 1632 ut
1651 1570 1893 1633 servitia
1924 1570 2429 1648 manumitterent,
2460 1571 2640 1655 oppi-

233 1656 506 1737 dumque
531 1654 939 1718 defenderent.
1000 1654 1282 1737 Quorum
1310 1677 1494 1738 quum
1521 1668 1755 1759 partem
1783 1656 2090 1732 assentire,
2111 1666 2341 1738 partem
2368 1655 2721 1720 animum15

237 1755 626 1822 mentemque
656 1741 1055 1823 perterritam,
1104 1754 1286 1823 atque
1317 1742 1375 1803 in
1408 1740 1558 1823 suga
1585 1739 1946 1803 destinatam
1981 1741 2204 1803 habere
2234 1739 2639 1820 intellexisset,

239 1825 507 1910 amplius
537 1826 612 1888 de
641 1826 714 1887 ea
743 1847 808 1887 re
838 1846 1023 1908 agere
1051 1826 1294 1905 destitit,
1324 1846 1627 1909 navesque
1657 1826 1728 1887 iis
1760 1826 2050 1902 attribuit,
2082 1839 2166 1904 ut,
2196 1825 2259 1887 in
2290 1846 2441 1908 quas
2477 1827 2640 1908 quis-

239 1932 359 1993 que
391 1923 589 1994 partes
637 1910 834 1985 vellet,
884 1911 1384 1996 proficisceretur.
1471 1910 1612 1995 Ipse
1642 1911 1924 1974 omnibus
1973 1912 2149 1973 rebus
2179 1909 2638 1994 diligentissime

241 1996 601 2073 constitutis,
627 1996 833 2058 liberis
862 1997 984 2058 suis
1011 1995 1086 2059 L.
1115 1995 1375 2074 Caesari,
1403 1998 1507 2079 qui
1534 2011 1659 2059 tum
1685 1998 1740 2059 ei
1769 2018 1881 2081 pro
1907 2010 2209 2078 quaestore
2231 1995 2446 2075 fuerat,
2471 2019 2640 2060 com-

241 2081 561 2158 mendatiS,
591 2096 653 2143 et
681 2081 808 2143 siue
839 2082 1201 2165 suspicione,
1231 2082 1401 2145 vultu
1445 2096 1625 2165 atque
1673 2103 1968 2158 sermone,
2001 2103 2123 2164 quo
2153 2083 2460 2166 superiore
2488 2084 2723 2147 tem-20

240 2187 390 2250 pore
421 2187 560 2229 usus
584 2166 798 2243 fuerat,
825 2188 1011 2250 quum
1038 2168 1365 2230 dormitum
1398 2170 1561 2246 isset,
1589 2167 1811 2231 sermm
1839 2168 1999 2230 intro
2021 2167 2181 2230 clam
2202 2168 2265 2230 in
2289 2167 2638 2232 cubiculum

239 2251 391 2329 tulit,
420 2266 600 2334 atque
629 2253 713 2314 ita
745 2273 807 2314 se
833 2252 1157 2335 transjecit.

1249 2252 1375 2335 Qui
1406 2254 1553 2316 dum
1585 2254 1793 2315 anima
1823 2251 2093 2316 nondum
2118 2252 2399 2337 expirata
2426 2255 2635 2318 conci-

234 2337 459 2416 disset3
502 2350 562 2400 et
584 2336 815 2421 impetu
846 2337 1008 2400 facto
1032 2339 1097 2400 in
1119 2338 1469 2401 cubiculum
1495 2360 1571 2402 ex
1596 2340 1958 2423 suspicione,
1986 2339 2252 2402 medicus
2280 2338 2639 2402 familiares-

236 2444 355 2506 que
382 2423 695 2485 contiuere
725 2436 907 2506 atque
934 2423 1153 2485 vulnus
1184 2424 1461 2506 obligare
1489 2425 1834 2509 coepissent,
1867 2425 1994 2508 ipse
2032 2425 2154 2486 suis
2194 2423 2474 2487 manibus
2503 2424 2637 2488 vul·

238 2530 353 2571 nus
381 2508 797 2571 crudelissime
828 2508 1081 2586 divellit,
1127 2524 1308 2593 atque
1345 2512 1554 2573 animo
1584 2509 1869 2596 praesenti
1917 2532 1980 2572 se
2026 2509 2344 2572 interemit.
2433 2509 2718 2593 Quem25

237 2592 558 2657 Uticenses
589 2616 959 2678 quamquam
990 2595 1249 2658 oderant
1290 2597 1551 2679 partium
1584 2596 1805 2678 gratia,
1837 2609 2037 2658 tamen
2067 2616 2182 2681 pro
2227 2609 2319 2658 ter
2356 2597 2484 2678 ejus
2514 2598 2631 2661 sin-

236 2680 513 2762 gularem
546 2679 973 2762 integritatem,
999 2694 1059 2743 et
1087 2680 1250 2763 quod
1285 2682 1718 2744 dissimillimus
1767 2680 2135 2768 reliquorum
2209 2702 2388 2743 ucum
2420 2681 2634 2761 fuerat,

235 2765 526 2848 quodque
550 2763 796 2828 Uticam
829 2766 1098 2828 mirificis
1128 2768 1414 2850 operibus
1441 2768 1762 2844 munierat,
1787 2780 2099 2849 turresque
2128 2780 2403 2843 auxerat,
2435 2789 2495 2830 se
2540 2767 2633 2831 ul-

234 2864 374 2913 tura
404 2852 694 2914 afficiunt.
784 2849 931 2935 Quo
975 2851 1310 2929 interfecto,
1355 2851 1433 2915 L.
1482 2847 1723 2930 Cir-sar,
1769 2867 1836 2915 ut
1889 2852 2121 2935 aliquid
2170 2852 2285 2914 sibi
2328 2873 2405 2914 ex

2567 2875 2634 2916 m

232 2935 447 2999 auxilii
493 2950 757 3019 pararet,
787 2952 1130 3000 convocato
1160 2936 1409 3083 μοὲυὶο,
1441 2938 1739 2999 concione
1768 2938 1996 3012 habita,
2027 2937 2382 2999 cohortatur
2402 2941 2717 3017 omne8,30

233 3037 302 3083 ut
332 3035 527 3105 portae
558 3022 972 3106 aperirentur:
1027 3043 1090 3084 se
1120 3024 1182 3083 in

233 3104 472 3189 Itaque,
504 3108 693 3191 portis

233 3193 665 3276 proficiscitur.

233 3298 357 3361 que
425 3278 572 3340 ortis
600 3279 904 3342 custodias
936 3278 1128 3363 ponit.

1277 3022 1487 3083 aesaris
1515 3021 1838 3084 clementia
1867 3041 2156 3102 magnam
2190 3042 2356 3104 spem
2387 3021 2629 3086 habere.

781 3108 1071 3184 atefactiS,
1101 3104 1290 3169 Utica
1336 3126 1636 3189 egressuS,
1683 3105 1925 3168 Caesari
1970 3105 2332 3188 Imperatori
2386 3107 2632 3170 obviam

803 3193 1016 3270 essala‚
1049 3206 1116 3255 ut
1142 3205 1274 3256 erat
1303 3192 1690 3275 imperatum,
1719 3188 1968 3254 Uticam
2001 3191 2292 3275 pervenit,
2322 3191 2632 3254 omnibus-

448 3361 697 3426 xxix.
745 3362 966 3427 Coesar
996 3363 1231 3426 interim
1264 3362 1302 3424 ὁ,
1329 3359 1590 3446 Thapso
1618 3381 1976 3446 progressus
2016 3358 2306 3424 Uscetam
2337 3360 2713 3446 pervenit,35

230 3448 340 3512 ubi
385 3448 600 3532 Scipio
630 3470 921 3532 magnum
970 3448 1251 3512 frumenti
1295 3469 1638 3525 numerum,
1670 3469 2000 3526 armorum,
2050 3445 2327 3525 telorum,
2375 3462 2632 3512 caetera-

294 3620 343 3667 3.
379 3619 627 3682 Postquam
646 3623 797 3668 castra
832 3633 931 3668 non
960 3623 1211 3682 potuerunt
1253 3615 1439 3682 potui]

233 3681 553 3741 manuscripti
585 3681 726 3744 Regii
748 3682 939 3730 codices
972 3684 1069 3729 duo
1100 3692 1149 3728 et
1171 3681 1441 3728 Victorinus

233 3759 359 3791 unus
376 3745 552 3791 babent
569 3745 739 3792 eastris.
758 3744 1117 3804 Manuscriptus
1130 3744 1306 3804 Regius
1324 3758 1445 3789 unus

232 3808 407 3863 codex,
443 3811 590 3854 eastra
611 3822 706 3854 non
728 3810 977 3882 potuerant
1015 3821 1195 3871 capere,
1231 3807 1360 3866 quod
1397 3815 1447 3852 et

233 3869 383 3917 habet
403 3877 705 3929 pervetustus
727 3884 987 3928 impressus
1009 3872 1178 3917 codex.

296 3935 344 3979 8.
379 3931 591 3994 Singulis
606 3933 714 3980 H·S
738 3947 782 3979 c.
804 3931 997 3995 divisit]
1062 3933 1173 3994 Sept
1204 3930 1336 3980 lium
1355 3929 1441 3978 dix

229 3994 336 4043 sols.
401 3995 453 4042 Si
473 3994 603 4042 enim
622 3995 670 4041 iu
688 4003 861 4043 neutro
875 4009 1051 4067 genere
1072 3995 1278 4068 legatur,
1294 3994 1445 4041 nimia

230 4072 422 4105 nmina
452 4057 532 4114 sit,
552 4056 678 4105 deux
700 4057 827 4105 mitte
858 4072 964 4122 cuiq
984 4072 1087 4105 cem
1107 4057 1258 4105 tvvm.
1323 4057 1443 4104 Haec

230 4120 394 4168 ma‘or
414 4120 608 4179 quidem
630 4135 836 4176 summa,
860 4119 942 4166 illa
962 4121 1131 4167 minor.

328 4185 374 4230 3.
414 4181 523 4230 Um}
543 4197 650 4229 cum
673 4183 806 4244 ccc.]
832 4183 909 4229 Ex
927 4197 1020 4242 quo
1043 4198 1095 4229 se
1115 4181 1304 4229 Uticam
1328 4197 1443 4236 con·

229 4246 443 4296 cluserat
461 4245 606 4303 Cato,
638 4260 751 4292 usus
774 4252 881 4291 erat
901 4245 1102 4292 consilio
1135 4259 1243 4292 ccc.
1265 4245 1443 4291 civium

230 4308 586 4366 Romanorum,
607 4309 690 4366 qui
712 4307 776 4355 ibi
797 4309 1170 4370 neg-otiabantur
1207 4315 1257 4353 et
1288 4309 1442 4354 foenus

229 4373 545 4428 exercebant,
562 4368 743 4431 suaque
763 4369 969 4431 pecunia
990 4370 1335 4430 rempublicam
1359 4370 1441 4417 ad·

218 4432 482 4496 juvabant.

294 4498 375 4543 29.
416 4497 517 4555 Quo
535 4492 811 4560 interfecta]
863 4495 1030 4543 Cesar
1051 4493 1253 4541 Catonis
1276 4493 1440 4556 glorio

226 4573 285 4607 se
305 4558 524 4606 invidere
546 4558 683 4617 dixit,
700 4558 931 4617 quoniam
945 4559 1052 4618 ipse
1067 4571 1164 4605 suc
1178 4557 1441 4613 invidisset,

225 4621 492 4680 liberisque
528 4620 631 4683 ejus
668 4621 1011 4680 patrimonium
1042 4633 1182 4666 suum
1219 4619 1442 4666 servavit.

228 4683 332 4733 sed
354 4685 469 4743 quid
492 4686 553 4731 de
569 4683 755 4731 Catone
779 4683 946 4730 Coesar
983 4683 1196 4729 sacmrus
1220 4683 1379 4738 suerit,
1401 4681 1442 4727 si

228 4748 450 4808 vixisset,
485 4745 625 4798 valde
655 4746 855 4797 dubium
897 4754 987 4802 est,
1023 4742 1133 4794 etim
1183 4744 1345 4792 multis
1379 4745 1442 4793 de

1503 3615 1976 3675 causemmmqubd
1999 3614 2713 3676 Leuni-Catonisque-

1505 3682 1572 3726 ris
1594 3680 1713 3736 filio,
1748 3693 2026 3740 quanquam
2059 3678 2156 3726 suis
2183 3679 2479 3739 propinquus
2500 3687 2643 3734 esset,
2663 3687 2715 3726 et

1509 3743 1573 3790 ad
1595 3742 1699 3802 ejus
1721 3756 1882 3803 genua
1902 3750 2042 3800 pater
2073 3742 2273 3801 supplex
2307 3740 2578 3798 accidisset,
2614 3756 2712 3788 non

1508 3804 1741 3864 pepercit.
1805 3804 1901 3850 Dio
1923 3802 2052 3850 certe
2084 3811 2285 3850 testatur
2305 3803 2547 3850 Coesarem
2570 3802 2618 3849 in
2641 3804 2713 3852 ul-

1502 3867 1739 3915 ciscendis
1772 3866 1960 3928 injuriis
1997 3881 2093 3912 non
2128 3873 2373 3924 spectasse
2409 3865 2565 3927 magis
2597 3864 2712 3923 quid

1503 3937 1630 3977 esset
1652 3939 1832 3985 actum,
1846 3927 1990 3989 quam
2006 3936 2059 3974 ut
2080 3928 2181 3987 ipse
2203 3927 2517 3975 sollicitudine
2539 3926 2711 3974 libera-

1506 4001 1670 4049 retur-3
1702 3991 1862 4038 multis
1886 3991 2142 4052 ignovisse,
2177 3988 2208 4038 ἃ
2242 3991 2412 4050 quibus
2446 4003 2619 4052 graves
2642 3989 2712 4036 in·

1497 4055 1658 4117 jurias
1681 4063 1953 4113 acceperat,
1969 4060 2053 4099 aut
2075 4051 2226 4112 parvi
2242 4053 2411 4099 saltem
2432 4051 2576 4111 pen&
2595 4067 2708 4098 con-

1507 4125 1694 4164 tentum
1717 4117 1880 4174 fuisse,
1915 4113 2044 4175 qubd
2079 4115 2198 4162 nihil
2232 4113 2433 4174 amplius
2471 4114 2711 4162 nocituros

1505 4181 1760 4236 crederet;
1828 4178 1877 4225 iu
1911 4179 2147 4238 quosdam
2195 4185 2354 4224 autem
2411 4176 2518 4238 plus
2575 4189 2712 4234 equo

1506 4242 1922 4299 mlmadvertisse,
1954 4249 2008 4287 ut
2038 4238 2281 4286 securitati
2310 4253 2406 4285 ωε
2427 4237 2711 4285 conantem.

1504 4307 1643 4360 Quod
1668 4304 1707 4351 si
1729 4305 1801 4351 ita
1837 4303 1915 4360 sit,
1952 4301 2059 4350 cum
2097 4301 2382 4362 intelligeret
2422 4301 2658 4347 Catonem
2683 4301 2712 4348 a

1505 4377 1641 4415 recto
1683 4366 1870 4414 virtutis
1912 4364 2105 4413 tramite
2148 4363 2288 4409 nullis
2330 4375 2473 4422 posse
2509 4362 2707 4422 privatis

1506 4429 1752 4478 beneficiis
1783 4427 2032 4484 dimoveri,
2058 4426 2173 4473 nibil
2197 4440 2293 4471 non
2334 4433 2526 4472 acturus
2564 4425 2710 4473 fuisse

1502 4494 1709 4549 videtur,
1731 4499 1784 4538 ut
1804 4505 1858 4539 se
1878 4499 1978 4538 tam
2001 4488 2306 4535 formidando
2323 4487 2516 4535 inimico
2535 4487 2710 4535 libera-

1567 4618 1644 4664 35.
1686 4614 1892 4663 Urcetam
1909 4612 2160 4678 pervenit]
2183 4612 2309 4660 Urbs
2326 4619 2398 4659 est
2419 4612 2590 4660 Africae
2608 4611 2712 4659 Me·

1505 4679 1796 4728 diterranea.
1860 4673 2008 4725 Forte
2027 4690 2089 4724 ea
2118 4689 2222 4736 quie
2256 4674 2515 4724 Ptolemoeo
2555 4673 2713 4723 Uzioe’a

1503 4742 1695 4792 dicitur.
