3059 5050
387 305 508 364 148

1157 298 1282 362 DE
1327 298 1633 363 BELLO
1678 301 2071 366 GALLlco

553 442 860 508 LXXIII.
906 443 1064 508 Erat
1090 467 1215 508 uno
1241 463 1515 531 tempore
1561 464 1622 511 et
1668 452 1968 512 materiari
2016 466 2075 512 et
2119 449 2486 528 ὑπεξῄει-ἰ,
2529 463 2592 513 et
2641 463 2841 514 tantas

468 530 830 594 munitiones
853 531 982 593 fieri
1013 552 1271 609 necesse,
1291 533 1601 595 diminutis
1624 538 1841 596 nostris
1864 537 2075 618 copiis,
2101 556 2241 617 quae
2264 535 2505 617 longius
2524 537 2605 597 ab
2629 538 2839 599 casu-is

466 616 1047 714 progrediebantur:
1091 630 1150 678 et
1197 638 1633 701 nonnunquam
1683 641 1870 702 opera
1915 630 2119 682 nostra
2152 619 2315 681 Galli
2360 634 2607 697 tentare,
2661 636 2839 703 atque

467 720 572 762 esu

579 714 839 783 pnonem
884 722 961 762 ex
1010 702 1239 785 oppido
1288 703 1560 785 pluribus
1608 706 1796 786 portis
1843 705 2040 767 facere
2088 705 2322 766 summa
2348 705 2408 765 vi
2437 706 2832 769 conabantur.

386 789 423 845 5
471 784 678 867 Quare
708 787 786 847 ad
816 786 948 847 haec
994 807 1196 848 rursus
1242 808 1426 870 opera
1474 789 1818 851 addendum
1868 789 2086 852 Coesar
2134 789 2382 872 putavit,
2431 789 2553 872 quo
2606 792 2838 853 minore

468 891 719 932 numero
749 870 1006 932 militum
1038 872 1399 933 munitiones
1428 873 1665 935 despndi
1698 888 1957 957 possent.
2022 872 2237 956 Itaque
2261 875 2484 936 truncis
2506 896 2837 953 armorum,

465 970 571 1017 aut
600 955 929 1017 admodum
961 956 1148 1018 firmis
1193 958 1376 1019 ramis
1420 958 1719 1034 abscissis,
1774 975 1953 1041 atque
2005 960 2220 1021 horum
2274 958 2603 1022 dolabi-atis
2657 976 2839 1043 atque

465 1040 790 1123 proeacutis
821 1041 1253 1119 cacuminibus,
1304 1056 1613 1125 perpetuae
1661 1044 1839 1106 fossoe
1871 1044 2085 1125 quinos
2116 1044 2296 1127 pedes
2327 1043 2468 1106 altae
2530 1043 2840 1117 duceban-
2943 1060 2955 1065 ·

466 1137 580 1187 tur.
669 1123 811 1187 Huc
849 1125 933 1188 illi
966 1128 1191 1209 stipites
1221 1128 1483 1203 demissi,
1514 1143 1575 1190 et
1604 1130 1682 1189 ab
1713 1130 1920 1191 infimo
1944 1130 2193 1191 revincti
2224 1150 2301 1190 ne
2330 1129 2531 1191 revelli
2573 1146 2838 1213 possent,

387 1211 545 1272 loab
575 1209 755 1272 ramis
779 1210 1142 1273 eminebant.
1231 1211 1419 1294 Quini
1444 1227 1617 1274 erant
1646 1214 1886 1275 ordines
1916 1214 2218 1295 conjuncti
2248 1215 2403 1276 inter
2428 1236 2490 1275 se
2519 1231 2695 1297 atque
2726 1215 2842 1277 im-

463 1295 692 1377 plicati,
724 1295 846 1378 quo
877 1296 979 1378 qui
1011 1297 1401 1373 intraverant,
1446 1319 1508 1358 se
1553 1297 1667 1380 ipsi
1711 1299 2067 1360 acutissimis
2114 1299 2284 1360 vallis
2314 1298 2684 1377 induebant;
2729 1301 2843 1363 hos

466 1378 703 1464 Cippos
727 1381 1135 1465 appellabant.
1223 1383 1384 1444 Ante
1413 1383 1550 1459 boc,
1582 1382 1842 1464 obliquis
1873 1383 2182 1445 ordinibus
2204 1385 2265 1445 in
2292 1385 2687 1465 quincuncem
2719 1385 2843 1446 dis-

465 1466 694 1548 positis,
725 1468 968 1528 scrobes
998 1467 1175 1528 trium
1207 1466 1268 1528 in
1299 1467 1677 1530 altitudinem
1706 1469 1927 1551 pedum
1962 1468 2362 1545 fodiebantur,
2388 1468 2697 1552 paullatim
2730 1492 2844 1532 an·

464 1551 731 1629 gustiore
761 1552 838 1614 ad
885 1573 1182 1614 summum
1229 1552 1490 1634 fastigio.
1580 1551 1723 1614 Huc
1766 1568 1978 1616 teretes
2019 1555 2244 1637 stipites
2298 1554 2533 1616 seminis
2561 1556 2844 1617 crassitu-

383 1635 624 1712 15dine,
656 1638 735 1697 ab
764 1658 999 1698 summo
1031 1638 1322 1721 praeacuti
1352 1653 1412 1700 et
1457 1639 1723 1721 praeusti,
1767 1639 2264 1716 demittebantur;
2309 1641 2394 1700 ita
2424 1653 2490 1701 ut
2534 1660 2657 1701 non
2704 1662 2837 1701 am-

461 1719 621 1803 plius
653 1742 738 1784 iv.
769 1722 974 1804 digitis
997 1743 1076 1784 ex
1108 1736 1268 1784 terra
1295 1725 1644 1785 eminerent.
1734 1723 1931 1784 Simul
1968 1723 2371 1785 confirmandi
2411 1739 2469 1785 et
2499 1724 2843 1787 stabiliendi

467 1809 683 1868 caussa
711 1806 933 1887 singuli
966 1809 1044 1869 ab
1075 1807 1286 1869 infimo
1316 1808 1448 1869 solo
1473 1809 1655 1891 pedes
1704 1808 1864 1870 terra
1890 1807 2395 1870 exculcabantur:
2440 1808 2671 1890 reliqua

465 1893 696 1954 scrobis
726 1893 802 1955 ad
831 1892 1224 1955 occultandas
1244 1893 1491 1955 insidias
1513 1893 1843 1955 viminibus
1863 1915 1932 1953 ac
1952 1893 2228 1974 virgultis
2249 1894 2643 1975 integebatur.

452 1977 558 2056 jus
590 1979 825 2059 generis
867 1977 1072 2040 octoni
1102 1979 1344 2040 ordines
1374 1979 1558 2054 ducti,
1611 1992 1812 2039 ternos
1842 1979 1996 2039 inter
2024 2000 2087 2039 se

379 2066 540 2125 snex
595 2063 983 2125 similitudine
1037 2064 1222 2139 θοι-ΞΒ,
1273 2061 1500 2123 [Alium
1554 2062 1963 2144 appellabant.
2050 2063 2212 2124 Ante
2257 2062 2387 2124 haec
2420 2063 2595 2125 taleae

2700 1831 2845 1956 {lm

2116 1978 2297 2061 pedes
2337 1979 2659 2040 distabant.
2745 1917 2845 2057 1:¹1,

2626 2064 2844 2147 pedem

465 2145 689 2228 long-ze,
739 2147 942 2208 ferreis
985 2147 1180 2208 hamis
1210 2147 1432 2221 infixis,
1479 2161 1625 2208 totae
1656 2148 1719 2207 iu
1749 2161 1967 2208 terram
1999 2147 2475 2226 infodiebantur3
2521 2149 2846 2211 mediocri-

461 2231 695 2313 busque
726 2230 1074 2292 intermissis
1103 2231 1330 2314 spatiis,
1377 2231 1661 2293 omnibus
1697 2230 1848 2293 locis
1870 2231 2320 2310 differebantur,
2367 2254 2519 2316 quos
2551 2233 2846 2297 Stimulos

461 2316 877 2378 nominabant.

547 2398 851 2463 LXXIV.
899 2399 1016 2465 His
1046 2403 1224 2465 rebus
1252 2402 1552 2486 perfectis,
1578 2403 1861 2485 regiones
1882 2417 2137 2481 secutus,
2166 2405 2345 2486 quam
2376 2406 2589 2487 potuit,
2621 2407 2845 2488 aequis-

377 2484 643 2549 25simas
673 2508 786 2572 pro
829 2488 947 2550 loci
975 2489 1212 2565 natura,
1258 2510 1386 2552 xiv.
1419 2488 1609 2551 millia
1651 2510 1934 2573 passuum
1968 2489 2339 2574 complexus»,
2371 2512 2546 2575 pares
2574 2493 2845 2573 ejusdem

462 2574 697 2653 generis
728 2575 1106 2650 munitioneS‚
1139 2575 1403 2637 diversas
1434 2577 1512 2636 ab
1541 2576 1649 2652 his,
1682 2571 1894 2637 contra
1916 2578 2272 2639 exteriorem
2304 2577 2534 2638 hostem
2560 2578 2843 2661 perfecit3

461 2672 528 2719 ut
552 2679 626 2720 ne
651 2659 879 2740 magnii.
907 2659 1148 2741 quidem
1183 2659 1583 2736 multitudine,
1615 2661 1663 2721 si
1695 2661 1780 2722 ita
1805 2661 2062 2736 accidat,
2088 2662 2215 2742 ejus
2239 2661 2521 2739 discessu,
2558 2663 2845 2724 munitio-

459 2761 606 2804 num
636 2744 924 2827 praesidia
948 2744 1351 2806 circumfundi
1377 2758 1638 2828 possent.
1689 2743 1829 2806 Neu
1853 2766 1989 2806 cum
2018 2746 2287 2829 periculo
2305 2768 2380 2808 ex
2403 2747 2612 2809 castris
2630 2749 2848 2829 egredi

459 2842 841 2910 cogerentur,
886 2830 1120 2892 dierum
1170 2851 1311 2896 xxx.
1339 2830 1633 2914 pabulum
1680 2830 2161 2913 frumentumque
2191 2831 2413 2894 habere
2444 2853 2651 2894 omnes
2692 2854 2843 2895 con-

377 2918 697 3062 30vec1t'um
730 2916 911 2978 'ubet.

738 2999 817 3063 V.
864 3000 1033 3064 Dum
1064 3001 1197 3064 hoec
1229 3001 1306 3063 ad
1340 3001 1605 3063 Alesiam
1652 3016 1960 3083 geruntur,
1989 3001 2175 3078 Galli,
2206 3001 2470 3064 concilio
2496 3002 2841 3086 principum

458 3085 708 3163 indicto,
734 3108 857 3149 non
888 3108 1096 3150 omnes
1126 3089 1229 3170 qui
1261 3109 1431 3149 arma
1473 3086 1626 3149 ferre
1654 3101 1917 3170 possent,
1946 3086 2038 3172 (ut
2061 3087 2291 3148 censuit
2316 3085 2839 3172 Vercingetorix),

459 3173 890 3235 convocandos
920 3187 1217 3252 statuunt;
1262 3173 1364 3234 sed
1397 3187 1627 3234 certum
1660 3193 1974 3234 numerum
2004 3172 2223 3253 cuique
2263 3173 2493 3234 civitati
2536 3173 2840 3256 imperan-

457 3257 601 3319 dum
626 3279 642 3318 :
687 3279 764 3319 ne
785 3258 955 3321 tanta
985 3258 1362 3320 multitudine
1385 3258 1657 3333 confusa,
1688 3278 1799 3318 nec
1831 3257 2151 3334 moderari,
2182 3277 2291 3319 uec
2316 3257 2653 3320 discernere
2675 3278 2838 3335 suos,

373 3345 568 3403 35nec
599 3341 1018 3405 -frumentandi
1074 3343 1364 3404 rationem
1421 3342 1645 3403 habere
1693 3359 1955 3424 possent.
2042 3340 2351 3425 Imperant
2395 3340 2613 3405 AEduis
2658 3360 2843 3425 atque

457 3446 665 3487 eorum
704 3427 1041 3503 clientibus,
1089 3426 1462 3508 SegusianiS,
1507 3426 1937 3504 Ambivaretis,
1982 3427 2280 3505 Aulercis,
2326 3425 2841 3505 Brannovicibus,

439 3592 458 3636 l
471 3591 510 3637 1.
521 3590 580 3637 Se
597 3588 687 3652 ipsi
699 3589 972 3638 sentinis-sie
981 3590 1119 3639 vallis
1132 3591 1424 3653 undamn]

452 3682 837 3747 quadrifidasque
856 3683 1005 3740 sudes,
1026 3691 1067 3732 et
1081 3689 1214 3733 acuto
1235 3685 1392 3733 robore
1413 3686 1574 3744 vallos,

1119 3748 1249 3808 virg.
1284 3748 1343 3794 G.
1365 3748 1410 3794 ii.
1432 3751 1508 3796 25.

370 3844 435 3890 ad
472 3856 614 3902 quem
648 3855 836 3889 versum
877 3841 1095 3889 Servius:
1143 3842 1226 3890 Bis
1261 3842 1384 3889 idem
1419 3841 1539 3890 dixit
1559 3862 1573 3888 .-

367 3919 481 3953 παθη
517 3903 634 3952 valli
663 3908 706 3952 et
742 3903 874 3952 rudes
903 3903 1042 3952 idem.
1107 3904 1278 3952 Cicero
1317 3906 1466 3951 Acad.
1505 3920 1575 3955 iv.

369 3966 510 4016 Philo
545 3965 660 4013 dum
697 3980 816 4016 nova
849 3966 1063 4029 quodam
1095 3967 1359 4030 conjunxit,
1379 3966 1575 4030 inidip-
1616 3975 1736 4030 ἠις
1760 3971 1812 4015 τὸ

367 4043 470 4077 sum
490 4043 536 4077 se
569 4028 742 4085 induit,
906 4028 1108 4076 tumbas.

1637 3591 1717 3649 qui
1742 3592 1791 3637 in
1812 3607 1896 3638 eas
1917 3593 2209 3649 deciderent,
2242 3590 2373 3640 rectfi
2396 3593 2444 3639 in
2467 3595 2741 3652 suppositos
2761 3595 2844 3641 sti·

1637 3653 1757 3726 pites
1782 3655 2130 3710 delaberentur,
2164 3669 2308 3714 seque
2342 3656 2452 3701 inde
2486 3654 2722 3701 difficilius
2760 3671 2844 3703 ex-

1638 3724 2002 3838 ηκὶἶῗοὲἔῆειαί
2021 3779 2080 3827 ab
2101 3778 2264 3842 infimo
2300 3777 2394 3827 soto
2427 3779 2580 3841 pedes,
2618 3778 2728 3840 luz]
2764 3781 2843 3828 In-

1636 3849 1820 3904 terpses
1843 3844 2036 3889 Graecus
2060 3842 2196 3888 aliter
2229 3840 2345 3900 legit
2390 3850 2438 3887 et
2483 3842 2603 3887 forte
2641 3843 2841 3891 melius:

1629 3903 1764 3963 'Apa
1808 3900 1856 3951 ’i
1894 3906 1995 3966 epis
2025 3906 2076 3951 τὸ
2111 3905 2293 3960 πρῶτα
2338 3905 2416 3950 zai
2456 3904 2630 3959 Bsssu'u‘s
2666 3905 2841 3957 ταύτας

1833 3965 2015 4028 wirae·
2037 3971 2141 4028 epti}
2164 3965 2298 4019 estu
2338 3969 2418 4027 γῆς
2459 3969 2712 4028 iaesxa'mvs.
2784 3968 2842 4016 Ui

1623 4028 1935 4093 firmarentur
1959 4031 2173 4093 [stipites]
2198 4037 2288 4079 ires
2316 4030 2458 4093 pedes
2476 4036 2609 4078 terre
2636 4029 2842 4078 insulen-

437 4094 506 4139 12.
543 4091 602 4139 In
636 4090 941 4154 quincuncem
974 4091 1239 4154 dispendis]
1272 4092 1395 4146 Quid
1434 4093 1494 4140 sit
1525 4094 1575 4140 in
1639 4092 1715 4140 bai
1735 4093 1847 4140 solo.

370 4154 684 4214 quincuncem
706 4154 977 4213 disponere,
1000 4154 1281 4215 intelligitur
1300 4154 1375 4200 vel
1403 4171 1460 4201 ex
1484 4156 1574 4201 hoc

369 4216 476 4264 loco
508 4216 809 4271 Quintiliani:
851 4214 977 4277 Quid
1008 4214 1090 4266 tuo
1119 4215 1374 4277 quincunce
1404 4217 1576 4279 specio·

369 4293 599 4387 ²2:2¹³qu
628 4278 681 4326 in
715 4292 1046 4342 qun-nemque
1087 4283 1267 4341 portem
1307 4278 1578 4341 :patraveris

437 4403 507 4448 13.
533 4399 792 4452 Paullatim
812 4404 1077 4467 angustiore
1099 4402 1163 4451 nd
1190 4403 1573 4467 smmumfnsls‘-

365 4462 485 4524 gia]
518 4463 550 4508 J
553 4473 684 4512 ustm
701 4467 890 4525 Lipsius
906 4467 1024 4528 leg-it
1042 4466 1107 4514 ad
1123 4465 1302 4523 iussim·
1321 4469 1406 4514 sed
1422 4467 1572 4524 scrip·

369 4537 468 4571 tam
491 4524 743 4574 lectionem
767 4529 958 4575 retineri
981 4543 1134 4587 posse.
1202 4528 1263 4576 Ut
1292 4529 1470 4576 scilicet
1492 4543 1572 4574 vo·

365 4585 506 4632 luerit
529 4589 721 4634 scrobes
753 4591 858 4636 illas
894 4592 958 4636 ad
989 4592 1139 4638 instar
1172 4593 1435 4647 fovearum,
1467 4606 1572 4650 quie

366 4647 489 4705 lupis
543 4660 570 4691 c
637 4649 787 4694 iendis
835 4661 1082 4708 parantur,
1125 4653 1153 4699 a
1195 4668 1384 4700 summa
1431 4662 1572 4711 parte

367 4709 512 4757 fuisse
533 4720 595 4765 qu
629 4722 674 4753 m
705 4711 767 4754 ab
797 4710 894 4758 ima
915 4714 1231 4772 angustiores,
1261 4728 1359 4774 quo
1394 4729 1568 4773 nempe

1698 4156 1775 4201 20.
1810 4154 2022 4217 filium]
2059 4155 2262 4215 Propter
2303 4168 2570 4214 expansam
2608 4155 2670 4201 ad
2714 4155 2842 4202 bunc

1638 4218 1832 4264 modum
1855 4218 2042 4264 foveam
2064 4216 2283 4264 latiorem
2305 4215 2529 4276 superne,
2550 4214 2737 4263 inferne
2757 4231 2840 4264 ve-

1639 4277 1693 4325 τὸ
1713 4278 2049 4338 angustiorem.
2115 4280 2252 4327 Unde
2273 4288 2323 4326 et
2343 4279 2494 4341 stylus
2514 4278 2757 4337 prodibat,
2780 4279 2841 4326 si-

1637 4340 1760 4387 milis
1778 4355 1944 4387 eorum
1960 4342 2041 4401 qui
2064 4341 2091 4389 ὲ
2113 4342 2210 4390 lilio
2234 4343 2484 4401 prodeunt.

1696 4404 1774 4449 36.
1810 4403 2048 4465 Imperant
2083 4404 2270 4461 AEduis,
2295 4404 2405 4466 ἅμα]
2441 4403 2497 4450 ln
2520 4409 2621 4449 toto
2650 4403 2733 4450 illo
2752 4418 2843 4450 nu-

1636 4477 1786 4521 mero,
1800 4474 1854 4511 ut
1874 4466 1946 4521 fit,
1968 4467 2276 4514 vehementer
2295 4474 2506 4514 erratum
2527 4473 2618 4521 est,
2633 4479 2843 4524 cumque

1634 4525 1824 4585 plurimi
1844 4542 2010 4574 eorum
2034 4529 2317 4586 populorum
2340 4542 2487 4586 supra
2496 4527 2606 4587 jam
2628 4542 2845 4576 comne-

1636 4589 1808 4635 morati
1830 4591 1942 4646 sint,
1958 4605 2041 4636 eos
2055 4591 2240 4638 tantum
2256 4592 2564 4651 attingemus,
2576 4589 2659 4647 qui
2675 4590 2847 4638 viden-

1633 4658 1712 4697 tur
1734 4651 1911 4698 indicti.

1692 4701 2548 4778 semmam.
2601 4714 2844 4774 [smm-
