3059 5050
1172 250 1763 319 FRAGMENTA.

2585 258 2713 321 407

232 396 474 469 Catone
503 402 930 487 deprehensos.
1017 401 1309 467 Potuitne
1340 402 1474 487 plus
1504 401 1843 465 autoritatis
1863 399 2049 463 tribui
2074 397 2326 479 Catoni,
2358 401 2542 485 quam
2575 399 2628 464 si

232 491 435 553 ebrius
465 502 588 551 tam
621 489 982 552 venerabilis
1021 490 1202 553 erat?
1248 488 1497 551 Nostrae
1528 502 1728 550 tamen
1754 507 1953 549 coenae
1982 501 2048 548 ut
2077 488 2408 571 apparatus
2433 502 2493 550 et
2516 488 2631 550 im-

232 576 461 659 pendii,
493 574 578 637 sic
611 576 899 658 temporis
933 576 1146 637 modus
1175 586 1427 636 constet.

1515 571 1733 655 Neque
1760 572 1920 635 enim
1955 573 2016 633 bi
2048 594 2271 649 sumus,
2293 595 2446 656 quos
2471 573 2629 635 vitu-

232 682 450 743 perare
477 682 550 722 ne
582 658 811 721 inimici
846 660 1089 741 quidem
1121 674 1392 745 possunt,
1424 660 1539 721 nisi
1571 671 1637 720 ut
1666 658 1843 721 simul
1868 657 2137 720 laudent.
2184 656 2291 720 Ea:
2314 657 2489 722 Ptin.
2519 656 2627 721 lib.

234 765 338 807 111.
372 743 579 843 Epist.
614 744 697 807 ad
723 744 905 808 Attii.
942 744 1144 809 Sever.

2669 745 2714 806 5

321 828 400 891 C.
428 844 608 892 etiam
637 828 875 907 Caesar‚
901 830 1107 912 gravis
1131 841 1307 891 autor
1328 828 1563 911 ling-uae
1584 826 1852 905 Latiare,
1878 828 1940 890 in
1966 828 2363 891 Anticatone:
2406 826 2629 907 Unius,

234 914 453 998 inquit,
485 918 877 998 arrogantiae,
910 915 1353 1001 superbiaeque,
1383 914 1843 997 dominatuque.

236 1022 373 1085 cap.
414 1004 510 1064 16.

406 1159 531 1224 DE
578 1160 654 1224 C.
697 1159 932 1226 JUL11
986 1160 1396 1227 CAESARIS
1460 1160 1561 1224 IN
1616 1158 2066 1225 CATONEM
2131 1158 2547 1227 SCRIPTIS

400 1286 411 1295 ι
1171 1245 1764 1312 TESTIMONIA.

1932 912 2040 976 Es:
2081 913 2165 977 Α.
2206 913 2368 978 Gall.
2399 913 2505 978 lib.
2539 937 2627 977 tv.

2639 1252 2724 1312 10

320 1407 539 1492 Qualis
569 1407 773 1471 futura
827 1411 903 1473 sit
955 1408 1226 1473 Coesaris
1276 1409 1643 1495 vituperatio
1695 1422 1914 1473 contra
1963 1408 2379 1473 laudationem
2411 1431 2633 1489 meam,

230 1496 512 1579 perspexi
544 1515 623 1556 ex
649 1516 724 1556 eo
755 1496 937 1574 libro,
966 1517 1143 1579 quem
1178 1494 1416 1559 Hirtius
1446 1496 1525 1558 ad
1577 1516 1674 1558 me
1717 1496 1897 1573 misit,
1947 1494 2010 1557 in
2062 1516 2186 1577 quo
2216 1494 2455 1579 colligit
2484 1497 2635 1559 vitia

233 1579 514 1657 Catonis,
560 1580 665 1642 sed
718 1603 857 1643 cum
910 1580 1199 1644 maximis
1252 1580 1536 1644 laudibus
1595 1582 1789 1644 meis:
1836 1581 2043 1663 itaque
2097 1580 2232 1643 misi
2286 1580 2508 1644 librum
2553 1582 2638 1644 ad

232 1664 539 1743 Muscam,
594 1679 659 1728 ut
711 1667 827 1729 tuis
876 1666 1141 1731 librariis
1192 1667 1384 1730 daret.
1474 1665 1642 1729 Volo
1696 1666 1860 1730 enim
1913 1687 2053 1729 eum
2106 1665 2436 1750 divulgari.

243 1749 445 1814 Cicer.
472 1750 558 1814 ad
583 1750 718 1814 Act.
749 1750 855 1815 lib.
888 1775 1003 1815 ιιι.

2525 1666 2635 1731 Ex

2641 1756 2719 1817 15

320 1836 509 1900 Hirtii
540 1838 859 1920 epistolam
892 1839 941 1900 si
973 1838 1213 1920 legeriS‚
1246 1859 1387 1921 quoe
1419 1838 1568 1899 mihi
1600 1838 1775 1920 quasi
1801 1838 2161 1917 ‚medemena
2212 1837 2454 1900 videtur
2505 1838 2636 1918 ejus

232 1923 715 2020 vituperationis,
772 1945 956 2007 quam
1011 1923 1235 1987 Caesar
1287 1924 1528 2009 scripsit
1580 1924 1660 1995 de
1717 1923 1980 1989 Catone.

232 2007 424 2071 Amo.

2097 1923 2205 1987 Ex
2256 1922 2362 1987 lib.
2397 1945 2517 1985 xn.
2551 1924 2635 1987 ad

321 2093 485 2157 Cum
522 2094 671 2157 mihi
700 2093 939 2158 Balbus
965 2117 1158 2179 nuper
1182 2094 1244 2158 in
1276 2093 1608 2158 Lanuvino
1638 2095 1911 2175 dixisset,
1938 2118 2002 2159 se
2044 2109 2103 2159 et
2134 2096 2409 2180 Oppium
2443 2095 2634 2178 scrip-

235 2179 380 2242 sisse
410 2181 489 2243 ad
522 2179 860 2259 Caesarem,
893 2203 990 2244 me
1031 2180 1249 2264 legisse
1280 2181 1469 2243 libros
1511 2194 1729 2244 contra
1759 2179 2098 2260 Catonem,'
2142 2195 2203 2246 et
2248 2181 2720 2244 vehementer20

233 2268 547 2351 probasse.
635 2264 743 2329 Ea·
765 2266 873 2330 lib.
901 2288 1044 2331 xm.
1078 2266 1162 2330 ad
1188 2266 1379 2330 attic.

321 2351 564 2433 Quibus
596 2352 880 2416 omnibus
928 2354 1253 2437 generibus
1284 2373 1427 2414 usus
1456 2365 1547 2415 est
1577 2352 1756 2415 nimis
1788 2353 2204 2438 imprudenter
2234 2352 2459 2416 Caesar
2486 2371 2635 2414 con-

235 2449 330 2499 tra
362 2436 669 2500 Catonem
701 2460 922 2502 meum.
1012 2437 1119 2501 Ex
1154 2436 1286 2501 Cic.
1318 2437 1384 2501 in
1423 2436 1519 2500 To
1567 2437 1642 2500 ic.

320 2520 411 2585 M.
445 2521 763 2587 Ciceronis
793 2525 974 2603 libro,
1006 2546 1131 2608 quo
1161 2524 1469 2589 Catonem

1565 2524 1688 2586 oelo
1738 2527 2027 2609 oequavit,
2060 2522 2204 2609 quid
2237 2521 2405 2589 aliud
2432 2525 2630 2589 dicta-

236 2621 332 2670 tor
363 2608 602 2686 Caesar,
633 2612 813 2693 quam
846 2611 1139 2696 rescripta
1168 2611 1446 2674 oratione
1475 2610 1644 2674 velut
1672 2612 1836 2696 apud
1855 2614 2100 2694 judices
2131 2610 2482 2698 respondit?
2528 2609 2719 2674 Eae25

242 2692 443 2758 Tacit.
470 2693 576 2758 lib.
612 2717 695 2759 tv.

316 2779 556 2865 Hisque
585 2802 758 2845 usum
790 2780 871 2846 C.
904 2782 1221 2847 Gaesar'em
1254 2782 1316 2844 in
1364 2781 1773 2865 vituperando
1805 2782 2051 2847 Catone
2104 2785 2408 2848 notaverit
2458 2784 2496 2821 ‘³‘
2522 2781 2636 2845 ci-

230 2888 393 2930 cero·

293 3066 340 3115 7.
386 3066 777 3130 Dominamque]
874 3067 1033 3128 Supra
1065 3067 1246 3114 dictum
1279 3063 1445 3112 solitos

230 3145 339 3176 esse
370 3130 519 3176 dandi
542 3145 681 3177 casus
705 3131 752 3176 in
774 3144 809 3177 ts
830 3145 927 3177 non
950 3131 999 3176 in
1022 3129 1075 3176 αἱ
1094 3129 1233 3176 finiri.

299 3194 373 3239 11.
418 3192 583 3252 Qualis
616 3191 791 3256 sutura
826 3192 885 3240 ἀι
932 3192 1130 3240 Caeson‘s
1169 3187 1447 3252 vituperatio

230 3262 390 3303 contra
407 3254 723 3302 laudationem
739 3255 927 3317 ineam]
969 3256 1201 3317 Magnum
1220 3252 1441 3298 volumen

232 3317 437 3366 Catonis
487 3317 706 3366 laudibus
749 3319 1031 3377 impleverat
1070 3317 1258 3363 Cicero.
1337 3315 1443 3364 Han

231 3381 401 3427 laudes
438 3395 547 3427 cum
581 3396 667 3427 suo
706 3382 882 3440 probro
949 3381 1098 3428 mavit
1137 3380 1304 3426 Cis-sar
1337 3392 1444 3425 esse

230 3443 689 3553 aalma?
706 3453 897 3566 Ριῖἱῗιῗ.
920 3442 1443 3564 οὲῗοὲἒῒιῗέἶᾪὲζ

230 3569 469 3616 rationem
492 3569 700 3628 scripsit,
720 3569 860 3631 cujus
896 3584 992 3615 non
1030 3567 1217 3615 tantum
1250 3567 1444 3626 copiam

233 3631 457 3679 Ciceroni
491 3633 601 3679 fecit
627 3632 831 3688 Hirtius,
854 3633 940 3679 sed
963 3632 1109 3678 etiam
1131 3631 1443 3694 upa-’urpa-

233 3693 346 3752 ιθ,
382 3695 430 3740 id
468 3702 558 3752 est,
591 3694 881 3753 speciminis,
914 3696 1043 3755 quod
1083 3697 1341 3756 antequam
1374 3695 1445 3754 ip·

230 3757 1039 3880 ῗέζιῖῗέἑῗῃᾞὲἵῒὶἷήῗῖῧῖ
1056 3760 1444 3868 3‘13'332'5535·

228 3886 456 3942 positum,
478 3892 529 3929 ut
551 3881 660 3928 cum
684 3882 733 3928 in
758 3883 999 3930 Catonem
1028 3891 1267 3931 mortuum
1291 3892 1443 3930 totum

230 3945 535 4006 dirigeretur,
559 3945 783 3991 Ciceroni
807 3955 969 3993 tamen
1003 3946 1241 3994 laudatori
1275 3960 1443 4005 parce·

228 4019 319 4060 ret,
345 4007 438 4054 imo
458 4020 506 4054 et
527 4009 774 4054 hominem
797 4009 1031 4057 laudaret.
1098 4009 1223 4056 Nam
1248 4009 1443 4057 Cicero·

228 4071 304 4116 nis
327 4072 596 4117 orationem
619 4070 794 4118 ibidem
813 4072 1027 4120 laudavit
1045 4071 1229 4129 Cesar,
1243 4080 1295 4119 ut
1317 4072 1444 4119 simi-

486 2865 594 2930 Εω
634 2866 900 2954 Quintil.
927 2867 1034 2932 lib.
1062 2890 1165 2931 111.
1201 2867 1266 2954 (ἰ
1291 2867 1357 2930 in
1392 2866 1694 2954 Topicis.)

1509 3064 1730 3112 laudibus
1754 3063 2023 3123 Ciceronis,
2045 3067 2131 3114 sed
2161 3066 2388 3123 scriptum
2412 3064 2619 3112 Coesaris
2642 3063 2723 3112 Ci-

1508 3142 1622 3174 cero
1645 3142 1732 3174 suo
1764 3128 1949 3175 calculo
1982 3129 2323 3189 comprobavit.
2392 3127 2586 3173 Utinam
2619 3129 2720 3186 qui·

1509 3205 1715 3249 cumque
1756 3192 1817 3237 de
1850 3193 2145 3252 arg-umentis
2178 3191 2358 3240 sanctis
2395 3189 2471 3236 vel
2503 3192 2722 3248 profanis

1507 3255 1860 3301 controversias
1884 3254 2009 3301 inter
2029 3270 2081 3302 se
2098 3255 2173 3301 vel
2195 3254 2321 3315 stylo
2344 3253 2417 3299 vel
2439 3267 2556 3299 voce
2573 3254 2722 3300 chris-

1507 3316 1628 3362 tiani
1652 3316 1868 3364 homines
1888 3319 2091 3377 agitant,
2107 3317 2368 3365 christiano
2391 3317 2482 3362 hoc
2499 3317 2722 3374 exemplo

1507 3381 1654 3426 etiam
1689 3394 1785 3425 non
1816 3380 2089 3428 christianis
2122 3381 2299 3428 usitato
2331 3379 2546 3436 manent,
2576 3377 2721 3437 quam

1506 3442 1809 3490 contumeliis
1834 3458 1935 3490 rem
1957 3458 2142 3504 gerere.

1569 3507 1646 3551 22.
1677 3505 1858 3566 Quibus
1876 3521 1968 3554 omi
1994 3507 2004 3516 “
2167 3505 2351 3553 neribus
2369 3519 2478 3553 unas
2496 3510 2559 3552 est
2581 3503 2725 3552 ns'nss's

1505 3567 1824 3630 imprudenter
1851 3569 2046 3631 Casan]
2164 3585 2232 3617 aec
2263 3582 2444 3629 genera
2476 3578 2585 3613 sunt
2615 3582 2721 3626 quo

1507 3632 1612 3689 ipse
1636 3630 1814 3678 ibidem
1836 3633 2023 3690 posuit:
2056 3631 2151 3680 Aut
2175 3629 2341 3692 negari
2367 3635 2510 3692 pote!
2536 3629 2590 3676 t'd
2609 3631 2720 3692 sac-

1506 3699 1610 3740 tum
1647 3707 1734 3740 esse
1926 3694 2168 3752 laudatur,
2205 3699 2286 3741 oue
2321 3708 2414 3741 non
2447 3706 2498 3739 eo
2530 3692 2721 3740 noniine

1507 3755 1805 3818 officiendum
1826 3771 1914 3818 quo
1938 3757 2160 3805 laudatur
2184 3756 2406 3819 affecerit,
2428 3761 2508 3802 out
2530 3755 2721 3803 omnino

1504 3833 1604 3870 non
1635 3831 1723 3865 esse
1757 3818 2010 3877 laudabile,
2039 3819 2163 3884 quod
2193 3834 2290 3867 non
2320 3816 2457 3874 recte,
2489 3831 2582 3865 non
2607 3818 2720 3879 jure

1494 3882 1682 3945 sactum
1710 3879 1783 3928 sil.

1569 3944 1624 3992 lb
1668 3946 1841 3992 Contra
1877 3931 2100 3994 cilionem
2132 3945 2321 4007 meum-J
2370 3943 2720 3992 Laudationem

1506 4021 1664 4053 meam
1690 4007 1907 4054 Catonis.
2791 4022 2796 4026 ’

1573 4072 1650 4119 27.
1672 4070 1844 4131 Hisque
1864 4086 1998 4117 usum
2020 4070 2072 4118 C.
2095 4069 2363 4130 σιωπήσω]
2394 4067 2516 4116 cam
2539 4067 2721 4115 Fabius

229 4134 323 4179 lem
348 4133 546 4180 Periclis
578 4142 624 4180 et
658 4134 973 4183 Theramenis
1006 4135 1229 4183 sermoni.
1296 4136 1449 4181 Autor
1511 4135 1560 4179 in
1585 4132 1725 4194 hujus
1758 4132 1864 4179 libri
1899 4149 1973 4180 m.
2003 4149 2110 4193 cap.
2146 4136 2190 4180 6.
2223 4131 2395 4179 dixerit
2427 4146 2533 4179 esse
2565 4139 2722 4178 status

226 4195 517 4242 Plutarchus
541 4195 589 4242 in
613 4196 865 4244 Cicerone.

295 4259 354 4304 13
385 4259 460 4305 Ari
476 4260 683 4307 Muscam
692 4260 724 4321 .]
759 4260 960 4314 Quidem
981 4260 1292 4320 Sempronius
1310 4260 1442 4308 Mus-

226 4336 289 4368 ca
311 4323 440 4378 apud
465 4322 570 4368 val.
607 4322 872 4369 Maximum
906 4331 1325 4380 commemoratur,
1359 4324 1444 4369 scd

228 4397 297 4430 an
324 4383 362 4428 is
386 4385 467 4440 sit,
488 4399 585 4431 non
609 4385 728 4431 satis
750 4386 865 4433 scio.

298 4447 369 4492 19.
392 4447 448 4493 ln
470 4447 756 4508 bonavicina]
792 4447 981 4496 Praedio
996 4462 1148 4508 prope
1172 4448 1441 4496 Lanuvium

223 4510 477 4568 oppidum,
499 4513 629 4567 quod
651 4524 779 4556 nnnc
803 4510 1028 4559 ludovino
1049 4512 1236 4559 dicitur.
1302 4511 1383 4559 Sic
1415 4509 1445 4558 a

226 4571 441 4618 Tusculo
464 4573 647 4631 oppido
670 4574 731 4618 sit
754 4572 1097 4621 Tusculanum.

287 4637 365 4680 20.
404 4634 466 4681 Et
499 4637 790 4682 veliementer
815 4635 1066 4698 probam]
1117 4637 1225 4684 Non
1258 4635 1444 4683 tantum

221 4705 405 4744 eontra
448 4697 737 4746 Ciceronem
782 4698 973 4757 scripsit
1006 4700 1176 4748 Cesar
1205 4714 1305 4747 non
1342 4701 1446 4746 sine

1510 4209 1669 4243 causoe
1702 4203 1828 4242 tres:
1889 4197 1961 4242 An
1994 4196 2071 4252 sit,
2102 4197 2224 4251 Quid
2258 4195 2334 4250 sit,
2365 4205 2414 4242 et
2444 4194 2596 4249 Quale
2625 4194 2720 4254 sit}

1506 4260 1679 4317 hicque
1701 4269 1970 4317 postremus
2003 4269 2155 4305 status
2177 4258 2419 4317 qualitatis
2453 4265 2605 4303 status
2634 4272 2722 4317 ap-

1507 4322 1712 4382 pelletur
1735 4323 1843 4376 hoc,
1861 4336 1970 4381 cap.
1994 4325 2022 4370 7
2028 4357 2039 4368 .
2054 4323 2181 4381 quod
2205 4330 2356 4367 totum
2375 4329 2443 4366 est
2463 4322 2524 4365 de
2542 4334 2720 4381 genere

1507 4385 1907 4439 demonstrativo,
1930 4386 1977 4430 id
2011 4394 2100 4440 est,
2132 4385 2192 4430 de
2225 4385 2368 4429 laude
2397 4391 2444 4428 et
2477 4383 2720 4441 vitupera-

1504 4449 1664 4504 tione;
1689 4447 1753 4493 ait
1774 4458 1870 4493 tres
1889 4456 2041 4494 status
2057 4447 2234 4493 cadere
2252 4446 2299 4492 in
2322 4446 2413 4491 hoc
2436 4460 2556 4504 opus
2581 4460 2720 4502 posse

1505 4512 1673 4569 hisque
1696 4524 1830 4555 usum
1856 4510 2098 4556 Caesarem
2122 4511 2168 4555 in
2193 4509 2507 4570 vituperando
2531 4509 2721 4555 Catone

1506 4574 1534 4621 a
1571 4573 1806 4619 Cicerone
1852 4573 1997 4619 fnisse
2030 4580 2262 4620 notatum.
2327 4571 2465 4626 Quod
2498 4571 2547 4619 in
2579 4584 2723 4630 supe-

1510 4636 1636 4683 riore
1655 4635 1934 4696 fragmento
1958 4635 2174 4698 legimus.
