3059 5050
737 260 862 327 DE
905 261 1208 326 BELLO
1252 258 1710 326 AFRICANO
1754 261 2050 329 LIBER.
2490 278 2607 337 361

176 412 393 477 dextra
415 409 769 493 sinistrique
798 411 1027 473 directo
1055 411 1133 473 ab
1165 408 1374 494 oppidi
1404 411 1705 487 lateribus,
1733 410 1883 494 ipse,
1909 412 2249 494 legionibus
2277 435 2354 478 ex
2394 437 2527 478 cas-

178 500 281 560 tris
308 499 553 574 eductis,
585 511 764 578 atque
794 496 857 557 in
888 497 1048 577 jugo
1094 495 1372 558 inferiore
1400 496 1716 572 instructis,
1747 516 1868 556 non
1916 496 2154 579 longius
2201 498 2324 561 fere
2368 502 2529 563 mille

177 603 384 666 passus
426 584 504 644 ab
547 582 669 643 suis
716 581 1148 642 munitionibus
1176 601 1546 663 progressus,
1577 581 1637 641 in
1668 580 1796 641 acie
1823 583 2105 643 constitit.
2194 582 2528 667 Postquam

176 667 396 731 diutius
428 668 487 730 in
517 687 642 729 uno
670 666 809 727 loco
840 664 1050 748 Scipio
1072 665 1596 742 commorabatur3
1640 678 1700 725 et
1727 678 1957 747 tempus
1987 665 2105 726 diei
2136 667 2196 728 in
2227 671 2351 730 otio
2382 691 2529 732 con-

175 753 549 829 sumebatur3
586 749 803 813 Caesar
821 750 1084 831 equitum
1111 762 1334 810 turmas
1358 769 1599 809 suorum
1613 749 1790 830 jubet
1808 750 1869 809 in
1896 749 2152 811 hostium
2179 754 2527 832 equitatum,
2571 758 2630 817 5.

172 836 276 916 qui
307 837 385 898 ad
412 836 702 919 oppidum
727 836 791 896 in
815 835 1066 895 statione
1089 846 1235 908 erat,
1267 832 1459 894 facere
1484 833 1963 916 impressionem3
1999 834 2309 917 levemque
2334 859 2531 901 arma-

172 934 393 997 turam,
424 921 766 1002 sagittarios
795 918 1234 997 funditoresque
1261 916 1470 977 eodem
1503 918 1812 980 submittit.

1901 917 2085 1000 Quod
2131 919 2232 980 ubi
2262 936 2528 1003 coeptum

173 1018 263 1067 est
291 1005 442 1081 fieri,
486 1020 547 1068 et
579 1005 746 1086 equis
790 1000 1099 1064 concitatis
1131 999 1359 1061 Juliani
1406 1003 1696 1085 impetum
1726 1002 2000 1064 fecissent
2011 1025 2029 1081 3
2073 1003 2360 1065 Pacidius
2391 1027 2530 1067 suos

172 1090 404 1170 equites
445 1089 828 1174 exporrigere
872 1107 907 1146 c
1011 1084 1057 1144 it
1107 1085 1169 1146 in
1216 1084 1678 1166 longitudinem,
1727 1100 1792 1148 ut
1842 1087 2130 1149 haberent
2183 1087 2528 1152 facultatem

172 1186 400 1236 turmas
424 1173 697 1235 Julianas
720 1172 883 1233 circu
973 1169 1216 1245 undere,
1246 1184 1305 1231 et
1334 1171 1523 1232 nihilo
1555 1171 1752 1233 minus
1770 1171 2087 1234 fortissime
2119 1173 2614 1256 acerrimequelt)

218 1279 465 1339 ugnare.
551 1255 735 1336 Quod
765 1256 867 1317 ubi
900 1254 1120 1317 Caesar
1171 1256 1616 1331 animadvertit,
1667 1277 1811 1318 cco.
1864 1278 2014 1338 quos
2065 1278 2141 1320 ex
2193 1257 2531 1338 legionibus

143 1279 390 1403 {abere
411 1341 724 1424 expeditos
747 1353 1160 1414 consueverat,
1203 1360 1280 1400 ex
1310 1340 1593 1422 proxima
1619 1340 1877 1422 legione,
1930 1362 2069 1423 quae
2097 1341 2153 1403 ei
2205 1342 2421 1424 proelio
2467 1345 2531 1406 in

169 1427 299 1487 acie
327 1439 351 1470 ὃ
384 1425 750 1502 constiterat,
769 1427 947 1507 jubet
974 1424 1265 1506 equitatui
1314 1445 1675 1487 succurrere.
1763 1424 2073 1487 Labienus
2125 1426 2357 1488 interim
2408 1428 2529 1490 suis

164 1510 461 1591 equitibus
486 1510 716 1573 auxilia
744 1510 1043 1591 equestria
1089 1509 1470 1585 summittere,
1524 1509 1861 1590 sauciisque
1890 1531 1962 1571 ac
1992 1510 2334 1591 defatigatis
2378 1513 2530 1573 inte-

238 1615 325 1671 os,
352 1595 900 1676 recentioribusque
918 1594 1146 1657 viribus
1164 1594 1390 1676 equites
1419 1594 1887 1657 subministrare.
1946 1594 2276 1677 Postquam
2301 1597 2611 1678 equites15

159 1616 391 1741 gurdiani
423 1702 528 1742 co.
560 1681 680 1741 vim
715 1681 970 1741 hostium
997 1680 1076 1742 ad
1108 1698 1193 1739 tv·
1227 1678 1415 1740 millia
1444 1700 1695 1740 numero
1747 1679 2034 1742 sustinere
2075 1700 2198 1741 non
2231 1696 2526 1762 poterant,

160 1779 221 1825 et
250 1764 289 1825 a
318 1763 435 1826 levi
454 1765 760 1826 armatura
782 1763 1186 1827 Numidarum
1211 1763 1701 1839 vulnerabantur,
1725 1764 2178 1847 minutatimque
2196 1765 2528 1844 cedebant3

162 1846 384 1910 Caesar
432 1849 679 1911 alteram
712 1850 868 1911 alam
900 1850 1098 1927 mittit,
1129 1848 1158 1891 Ι)
1191 1851 1293 1932 qui
1347 1850 1758 1931 satagentibus
1805 1848 2077 1910 celeriter
2124 1862 2523 1913 occurrerent.

163 1932 311 2014 Quo
337 1933 497 1995 facto
526 1935 616 1995 sui
646 1935 860 1996 sublati
891 1933 1146 1999 universi
1180 1939 1241 1999 in
1263 1935 1460 1996 hostes
1490 1933 1881 2016 impressione
1898 1933 2076 2010 facta,
2096 1934 2158 1996 in
2190 1934 2394 2015 fugam
2423 1936 2531 1997 ad-

160 2020 462 2079 versarios
490 2020 799 2096 dederunt,
840 2019 1039 2081 multis
1092 2019 1345 2095 occisiS,
1374 2017 1785 2101 compluribus
1837 2018 2179 2081 vulneratis.
2267 2017 2616 2081 Insecuti20

160 2122 273 2185 per
305 2124 404 2165 ιιι.
432 2103 593 2165 mille
618 2123 922 2186 passuum,
970 2126 1159 2187 usqne
1188 2105 1266 2167 ·in
1319 2103 1502 2167 colles
1555 2103 1824 2164 hostibus
1877 2103 2126 2178 adactis,
2175 2124 2237 2164 se
2281 2104 2357 2166 ad
2390 2125 2530 2167 suos

160 2189 474 2270 recipiunt.
562 2186 780 2250 Caesar
809 2188 869 2251 in
899 2190 1111 2253 horam
1154 2212 1211 2254 x.
1242 2202 1669 2264 commoratus,
1723 2187 1875 2249 sicut
1925 2201 2054 2249 erat
2083 2189 2431 2265 instructuS,
2465 2212 2529 2251 se

157 2271 238 2333 ad
269 2293 379 2335 sua
406 2288 603 2335 castra
632 2274 874 2356 recepit,
905 2276 1184 2339 omnibus
1213 2273 1634 2338 incolumibus.
1722 2270 1794 2333 In
1844 2293 1965 2355 qno
1991 2273 2208 2355 proelio
2239 2270 2528 2336 Pacidius

156 2357 423 2438 graviter
451 2357 577 2457 pilo
606 2378 716 2442 per
739 2359 1030 2421 cassidem
1061 2377 1245 2446 caput
1295 2360 1466 2435 ictus,
1499 2357 1957 2441 compluresque
1985 2359 2189 2435 duces,
2220 2378 2293 2419 ac
2326 2358 2527 2421 fortis-

156 2441 342 2503 simus
416 2464 623 2526 uisque
653 2443 945 2506 interfecti
973 2445 1385 2527 vulneratique
1410 2456 1565 2505 sunt.
2525 2448 2605 2507 25

243 2525 364 2589 LX
432 2525 547 2590 IX.
591 2527 923 2610 Postquam
951 2530 1116 2593 nulla
1143 2530 1491 2595 conditione
1520 2549 1741 2610 cogere
1770 2527 2144 2591 adversarios
2175 2541 2429 2612 poterat,
2461 2544 2527 2593 ut

155 2611 222 2673 in
254 2633 492 2695 aequum
524 2614 722 2675 locum
753 2615 1197 2690 descenderent,
1254 2616 1680 2698 legionumque
1709 2613 2041 2697 periculum
2073 2614 2374 2692 facerent3
2419 2636 2524 2677 ne·

154 2717 274 2778 que
302 2698 430 2780 ipse
454 2699 702 2782 propius
731 2700 958 2761 hostem
989 2715 1186 2764 castra
1210 2722 1434 2786 ponere
1451 2713 1699 2784 propter
1725 2720 1902 2781 aquae
1927 2699 2238 2783 penuriam
2267 2721 2329 2761 se
2349 2721 2525 2783 posse

152 2782 701 2862 animadverterem
746 2784 1119 2848 adversarios
1167 2808 1289 2849 non
1320 2806 1528 2847 eorum
1584 2784 1797 2847 virtute
1848 2784 2173 2860 confidere,
2200 2785 2302 2846 sed
2334 2807 2523 2866 aqua-

151 2887 285 2928 rum
317 2867 526 2950 inopia
552 2868 753 2945 fretos,
783 2868 1088 2953 despicere
1136 2893 1198 2933 se
1228 2869 1559 2933 intellexitt
1603 2868 1814 2931 Pridie
1842 2867 1906 2930 N
1908 2889 2008 2930 on.
2040 2870 2192 2951 Apr.
2226 2869 2399 2931 tertia
2427 2872 2604 2933 νί-ῧῠ

150 2950 306 3033 guia
332 2973 625 3033 egressus,
649 2954 727 3015 ab
746 2953 919 3035 Agar
942 2976 1069 3017 stu.
1092 2955 1283 3017 millia
1307 2975 1589 3038 passuum
1617 2967 1791 3014 nocte
1815 2973 2186 3036 progressus,
2208 2954 2285 3014 ad
2304 2952 2522 3036 Thap-

148 3056 306 3111 sum,
350 3038 455 3098 ubi
502 3036 809 3121 Vergilius
840 3060 977 3100 cum
1028 3040 1247 3121 grandi
1277 3039 1566 3123 praesidio
1595 3052 1875 3120 praeerat,
1906 3051 2100 3098 castra
2132 3037 2524 3120 ponit,·oppi-

145 3120 419 3203 dumque
469 3143 543 3184 eo
588 3124 684 3185 die
731 3124 1195 3187 circummunire
1222 3124 1427 3207 coepit,
1482 3122 1737 3203 locaque
1789 3122 2008 3183 idonea
2060 3135 2522 3204 opportunaque

144 3206 470 3289 complura
499 3209 794 3291 p'raesidiis
841 3229 1181 3308 occupare3
1226 3231 1303 3272 ne
1355 3209 1552 3270 hostes
1599 3207 1820 3268 intrare
1874 3207 1952 3268 ad
1981 3227 2063 3282 se,
2096 3226 2167 3266 ac
2199 3205 2336 3267 loca
2367 3206 2519 3267 inte-

143 3289 314 3352 riora
344 3311 560 3375 capere
590 3307 844 3376 possent.
911 3292 1123 3377 Scipio
1149 3294 1406 3370 interim,
1427 3292 1689 3374 cognitis
1715 3290 1985 3353 Caesaris
2003 3289 2288 3368 consiliis,
2310 3290 2388 3352 ad
2414 3294 2600 3353 ηεξ-36

142 3375 483 3438 cessitatem
516 3378 809 3440 adductus
861 3379 1214 3457 dimicandi,
1268 3401 1345 3441 ne

1397 3399 1504 3462 per
1551 3397 1848 3438 summum
1894 3376 2153 3439 dedecus
2196 3376 2518 3438 fidissimos

142 3460 270 3522 suis
312 3462 489 3524 rebus
518 3460 933 3546 Thapsitanos
961 3476 1021 3525 et
1068 3463 1409 3547 Vergilium
1458 3463 1755 3524 amitteret
1779 3460 2153 3540 ;·confestim
2204 3459 2515 3523 Caesarem

140 3564 259 3626 per
280 3548 593 3628 superiora
616 3547 756 3610 loca
777 3562 1151 3626 consecutus,
1174 3548 1364 3612 millia
1386 3569 1670 3633 passuum
1691 3569 1836 3609 vm.
1864 3547 1902 3609 ὁ,
1918 3544 2175 3629 Thapso
2198 3546 2355 3608 binis
2383 3565 2517 3608 cas-

138 3627 255 3691 tris
284 3632 572 3698 consedit.

229 3710 503 3778 LXXX.
548 3714 706 3780 Erat
734 3729 1014 3799 stagnum
1068 3718 1415 3797 salinarum,
1465 3718 1620 3781 inter
1672 3717 1857 3800 quod,
1909 3730 1969 3778 et
1998 3736 2183 3793 mare,
2215 3714 2600 3798 angustiae40

565 3864 596 3896 a
623 3849 736 3898 Νοπ
756 3854 957 3899 oesnerae.

170 3959 248 4031 ,9.
283 3958 342 4007 Ut
368 3959 586 4010 haberent
645 3964 1340 4042 αωιιαίαιιῄηπωίαἱίφιω

132 4082 328 4130 Thumi
362 4086 475 4142 dno,
511 4060 521 4070 ·
542 4025 768 4135 toton-313⁸
786 4027 1113 4145 tffteugs’joms
1133 4046 1339 4151 deniq&

134 4146 200 4191 ad
238 4159 386 4193 unum
423 4163 542 4207 quos
572 4150 733 4197 videre
762 4151 912 4210 licuit,
934 4154 1113 4201 habent
1147 4154 1338 4202 eis-ctam-

120 4204 295 4268 fumh‘,
308 4222 411 4266 quas
433 4210 602 4257 molior
623 4211 736 4258 mihi
758 4213 943 4262 videtur
964 4216 1119 4264 lectio.

172 4269 279 4342 ,Ἃ
314 4269 421 4317 Pan
447 4286 537 4333 per
563 4273 782 4322 cassim
810 4282 947 4340 capu
976 4278 1128 4338 inem]
1176 4279 1337 4327 neue-

133 4344 334 4377 numus.
398 4333 599 4382 Habent
618 4346 765 4396 caput
786 4338 931 4385 ictum
954 4354 1041 4399 per
1055 4342 1305 4388 cassidem.

196 4392 277 4438 29.
297 4391 592 4444 Adventu-ios
609 4412 704 4446 non
718 4413 874 4448 eorum
890 4400 1055 4449 υἰνωιε
1069 4401 1334 4467 confidere]

131 4453 454 4562 θωὶῖοπιιιᾶει
483 4460 718 4519 syntaxis,
748 4476 841 4510 non
867 4477 1026 4512 emm
1045 4463 1227 4523 wirma,
1247 4478 1337 4524 pro

129 4578 268 4684 ¹wib.
303 4579 401 4704 Sec}
434 4585 1025 4710 mrmpiwu,
1045 4587 1336 4709 duptam-se:

1265 3854 1299 3899 b
1328 3852 1422 3912 om·
1442 3851 1531 3900 esea
1552 3833 1842 3900 munirent
1865 3850 2193 3899 laborantibus.

1399 3968 1672 4016 Victorinus
1693 3984 1815 4016 unus
1836 3977 1884 4016 et
1906 3979 2202 4028 pervetustus
2235 3970 2492 4030 impressus
2518 3985 2596 4018 co-

1400 4032 1495 4078 dex
1529 4032 1710 4077 habent
1729 4031 1878 4094 copia,
1899 4046 2043 4091 quam
2065 4033 2316 4080 lectionem
2338 4035 2407 4080 sic
2429 4036 2597 4091 probo,

1400 4103 1453 4139 ut
1476 4103 1689 4141 nostrum
1712 4108 1807 4139 non
1830 4094 2092 4154 repudiem,
2126 4094 2267 4141 modo
2300 4096 2461 4154 inopia
2494 4095 2596 4141 Ce-

1400 4157 1519 4202 saris
1545 4155 1845 4216 intelligatur.

1460 4219 1537 4264 31.
1573 4218 1649 4265 Aa!
1677 4217 1946 4280 stupeum]
1999 4217 2090 4265 Dio
2111 4233 2170 4264 eo
2190 4219 2388 4266 consilio
2407 4218 2596 4265 venisse

1399 4279 1645 4339 Thapsum
1681 4280 1813 4336 dicit,
1835 4289 1886 4327 ut
1909 4289 1989 4327 aut
2021 4281 2187 4339 proelio
2207 4282 2595 4341 congrederetur,

1401 4353 1481 4388 aut
1504 4343 1877 4400 inspectantibus
1900 4342 2012 4402 ipsis
2033 4345 2196 4389 urbem
2219 4351 2429 4400 caperet.

1459 4405 1537 4450 84.
1569 4405 1636 4452 Ac
1656 4404 1755 4453 loca
1775 4404 1997 4453 interiora
2027 4419 2185 4467 capere
2209 4405 2431 4467 possent]
2484 4402 2600 4450 Ideo

1400 4466 1626 4513 interiora
1662 4467 1794 4525 dicit,
1824 4468 1937 4525 quia
1973 4467 2194 4526 Thapsus
2223 4476 2329 4513 erat
2356 4467 2404 4512 in
2431 4468 2599 4524 penin-

1398 4529 1501 4575 sula
1518 4529 1687 4587 posita‚
1710 4537 1760 4575 ut
1781 4529 1969 4586 scripsit
1993 4529 2102 4576 Dio.

1457 4591 1534 4638 40.
1554 4590 1668 4637 Em!
1687 4596 1904 4650 stagnum
1926 4590 2223 4652 salinarum]
2274 4590 2330 4636 ld
2351 4598 2423 4637 est
2444 4587 2593 4637 fossa-

1395 4667 1502 4700 rum
1524 4653 1574 4699 in
1595 4652 1764 4716 quibus
1787 4652 1860 4699 sal
1875 4653 1937 4700 sit
1958 4652 2006 4699 in
2023 4653 2271 4702 maritimis
2292 4653 2423 4700 locis.
