3059 5050
367 234 493 294 2ae

1199 224 1323 289 DE
1367 222 1670 288 BELLO
1714 223 1991 290 CIVILI

453 375 606 438 duas
633 386 905 471 receptas
951 372 1339 456 provincias?
1385 375 1519 435 haec
1564 388 1700 436 acta
1742 374 1951 437 diebus
1998 393 2097 435 ιι.
2129 372 2344 454 quibus
2386 370 2447 433 in
2491 383 2820 454 conspectu

453 461 938 522 adversariorum
972 459 1200 520 venerit
1227 457 1465 519 Caesar.

457 558 619 619 nint,

1554 458 1655 520 An

654 544 866 625 perditi
898 542 1216 605 resistant?
1262 541 1391 604 Vos
1433 557 1654 619 autem,
1702 541 1931 605 incerta*
1970 542 2224 604 victoris>⁴
2252 539 2562 603 Caesarem
2610 539 2822 614 secuti,

1680 458 1784 540 qui
1815 457 2143 519 incolumes
2174 457 2439 518 resistere
2452 479 2577 523 non
2592 470 2812 538 potue·

460 626 791 709 dijudicata
807 628 940 709 jam
968 627 1104 688 belli
1137 626 1376 688 for-timi
1398 628 1623 689 victum
1655 627 2008 710 sequamini,
2033 647 2216 708 quum
2240 626 2417 687 vestri
2449 624 2631 686 officii
2660 644 2824 706 prae-

379 718 419 774 5
465 714 585 774 mia
617 712 923 794 percipere
949 711 1265 774 debeatis?
1311 711 1598 773 Desertos
1626 714 1783 773 enim
1815 734 1877 773 se
1907 733 1978 773 ac
2010 711 2280 794 proditos
2310 710 2347 771 ὁ,
2372 709 2546 770 vobis
2593 708 2823 785 dicunt,

463 811 525 859 et
553 797 769 880 prioris
799 797 1158 857 sacramenti
1193 797 1552 858 mentionem
1604 796 1848 858 faciunt.
1934 794 2144 857 Vosne
2164 794 2311 856 vero
2354 792 2429 855 L.
2460 792 2822 868 Domitium,

465 904 542 943 an
567 902 677 961 vos
706 878 783 941 L.
815 880 1122 941 Domitius
1146 880 1449 943 deseruit?
1495 879 1717 942 Nonne
1739 895 2070 943 extremam
2102 880 2226 964 pati
2257 879 2554 941 fortunam
2580 891 2829 960 paratos

463 966 718 1049 projecit
743 963 886 1026 ille?
933 963 1078 1027 Non
1103 965 1236 1040 sibi,
1266 965 1423 1026 clam
1449 966 1644 1042 vobis,
1668 965 1917 1027 salutem
1944 965 2092 1046 fuga
2114 963 2369 1048 petivit?
2414 961 2577 1039 Non,
2601 962 2828 1045 proditi

466 1072 573 1133 per
601 1049 791 1124 illum,
817 1048 1085 1111 Ctesaris
1115 1050 1407 1111 beneficio
1435 1051 1576 1111 estis
1605 1049 1988 1112 conservati?
2035 1049 2431 1110 Sacramento
2456 1047 2694 1129 quidem
2720 1066 2832 1106 vos

389 1140 666 1197 lOtenere
697 1134 801 1216 qui
831 1133 1062 1216 potuit?
1136 1133 1343 1215 Quum
1385 1135 1667 1217 projectis
1696 1134 1977 1210 fascibus„
2006 1147 2065 1194 et
2100 1132 2375 1256 deposito
2405 1131 2677 1217 imperi0‚
2708 1130 2831 1213 pri-

467 1232 642 1280 vatus
666 1233 726 1280 et
753 1232 965 1302 raptus
996 1219 1123 1301 ipse
1152 1219 1213 1279 in
1239 1218 1498 1281 alienam
1529 1219 1783 1281 venisset
1812 1233 2161 1303 potestatem
2182 1266 2197 1279 .

2254 1216 2641 1316 Relinquitur
2668 1236 2835 1277 nova

469 1304 704 1384 religio,
755 1315 838 1379 ut,
886 1324 961 1363 eo
1005 1301 1281 1383 neglecto
1326 1320 1726 1379 sacramento,
1776 1325 1896 1386 quo
1943 1324 2101 1365 nunc
2147 1304 2452 1377 tenemini,
2500 1299 2834 1383 respiciatis

465 1387 639 1464 illud,
671 1388 834 1469 quod
881 1387 1187 1448 deditione
1229 1387 1400 1450 ducis
1443 1400 1504 1449 et
1538 1387 1754 1470 capitis
1782 1388 2177 1450 diminutione
2206 1386 2504 1448 sublatum
2554 1399 2662 1446 est.
2752 1384 2833 1445 At

470 1473 675 1548 credo,
705 1472 753 1533 si
785 1470 1096 1533 Caesarem
1129 1473 1418 1554 probatis,
1442 1474 1506 1534 in
1537 1493 1635 1533 me
1662 1472 1991 1551 offenditis3
2035 1472 2178 1555 quid
2203 1471 2280 1533 de
2304 1471 2448 1533 meis
2478 1470 2540 1531 in
2570 1489 2679 1530 vos
2708 1490 2834 1529 me·

393 1558 599 1618 l5ritis
629 1556 1066 1639 praedicaturus
1096 1576 1218 1618 non
1248 1578 1400 1633 sum,
1426 1578 1567 1639 quae
1597 1571 1735 1618 sunt
1757 1559 1952 1619 adhuc
1977 1570 2037 1619 et
2060 1578 2195 1617 mea
2217 1555 2524 1617 voluntate
2552 1570 2611 1616 et
2640 1554 2837 1615 vestra

473 1644 925 1724 exspectatione
955 1640 1200 1703 leviora.
1290 1641 1413 1703 Sed
1444 1655 1644 1703 tamen
1677 1642 1766 1702 sui
1804 1642 2028 1703 laboris
2074 1641 2290 1703 milites
2321 1661 2572 1723 semper,
2620 1654 2834 1700 eventu

475 1726 635 1802 belli,
666 1728 922 1808 praemia
963 1728 1335 1809 petiverunt3
1380 1728 1481 1809 qui
1530 1727 1725 1808 qualis
1754 1727 1831 1787 sit
1858 1727 2108 1803 futurus,
2146 1746 2220 1788 ne
2250 1746 2359 1786 vos
2388 1725 2629 1807 quidem
2660 1723 2836 1784 dubi-

477 1814 654 1872 tatis:
700 1809 1097 1891 Diligentiam
1124 1811 1364 1893 quidem
1393 1825 1678 1886 nostram,
1711 1822 1814 1873 aut
1837 1833 2011 1894 quem
2039 1810 2116 1872 ad
2146 1811 2325 1872 finem
2358 1809 2555 1871 adhuc
2581 1830 2672 1869 res
2698 1829 2839 1891 pro·

477 1898 674 1972 cessit,
705 1895 1145 1978 fortunamque,
1175 1917 1286 1958 cur
1327 1896 1730 1980 praeteream?
1804 1896 1904 1958 An
1946 1896 2197 1980 poenitet
2240 1916 2368 1972 voS‚
2399 1894 2561 1977 quod
2608 1892 2838 1953 salvum

395 1982 659 2063 20atqne
688 1980 1052 2043 incolumem
1081 1982 1432 2057 exercitum,
1463 1980 1631 2043 nulla
1658 1981 1907 2043 omnino
1952 2001 2107 2042 nave
2135 1979 2489 2053 desiderata,
2520 1978 2839 2041 transdux-

477 2066 673 2127 erim?
731 2064 895 2147 qnod
926 2065 1176 2127 classem
1210 2066 1467 2127 hostium
1498 2067 1698 2149 primo
1727 2066 1953 2149 impetu
1983 2065 2306 2127 adveniens
2344 2063 2791 2149 profligaverim
2814 2061 2845 2123 ἓ

479 2150 644 2232 quod
691 2150 784 2210 bis
831 2170 935 2231 per
967 2151 1212 2210 biduum
1244 2152 1499 2232 equestri
1544 2150 1762 2233 proelio
1806 2149 2245 2234 superaverim?
2306 2147 2469 2231 quod
2517 2169 2592 2209 ex
2640 2160 2843 2231 portu,

481 2235 733 2314 sinuque
763 2233 1264 2310 adversariorum,
1296 2256 1398 2296 cc,
1444 2256 1630 2295 naves
1674 2236 1981 2297 onerarias
2010 2232 2411 2296 adduxerim?
2469 2252 2660 2314 eoque
2708 2231 2843 2292 illos

479 2317 893 2400 compulerim,
919 2330 985 2379 ut
1009 2338 1201 2400 neque
1219 2320 1486 2401 'pedestri
1533 2321 1760 2395 itinere,
1786 2341 1980 2401 neque
2004 2320 2257 2382 navibus
2281 2331 2619 2379 commeatu
2637 2316 2845 2399 juvari

399 2400 745 2501 25possint?
791 2400 930 2464 Hac
959 2422 1068 2465 vos
1099 2402 1358 2480 fortuna,
1389 2417 1570 2487 atque
1600 2405 1693 2466 his
1728 2406 1982 2466 ducibus
2012 2403 2358 2487 repudiatiS,
2390 2400 2843 2464 Confiniensem
2916 2468 2923 2471 ,

482 2488 903 2584 ignominiam,
937 2486 1078 2574 [an]
1128 2487 1327 2552 Italiae
1357 2489 1586 2570 sugam,

480 2571 673 2633 Africi
705 2573 845 2633 belli
875 2575 1236 2656 praejndicia
1282 2575 1597 2656 sequimini

1814 2489 2245 2574 Hispaniarum
2277 2487 2662 2563 deditionem,
2700 2484 2842 2585 [an]

1653 2512 1729 2552 an

1690 2487 1989 2656 E]quidem
2023 2597 2118 2636 me
2148 2573 2417 2636 Caesaris
2446 2572 2693 2634 militem
2724 2571 2847 2633 dict

479 2656 676 2718 volui:
723 2677 830 2717 vos
861 2678 956 2718 me
983 2657 1373 2740 Imperatoris
1399 2661 1643 2720 nomine
1666 2681 1745 2742 ap
1826 2658 2092 2720 llavistis.
2154 2659 2347 2740 Cujus
2370 2659 2418 2719 si
2444 2679 2551 2719 vos
2574 2656 2848 2742 poenitet⁹

481 2755 743 2802 vestrum
773 2742 946 2803 vobis
975 2743 1332 2804 beneficium
1382 2744 1639 2820 remitto,
1674 2744 1752 2804 mi
1799 2744 1817 2804 i
1848 2765 2046 2806 meum
2079 2745 2364 2806 restituite
2392 2764 2632 2819 nomen,
2662 2763 2739 2803 ne
2768 2742 2849 2803 ad

401 2827 908 2888 fflcontumeliam
943 2828 1231 2889 honorem
1263 2829 1494 2890 dedisse
1517 2828 1864 2890 videamini.

568 2909 880 2974 XXXIII.

925 2911 1070 2995 Qua
1099 2915 1371 2974 oratione
1415 2914 1672 2998 permoti
1714 2913 1947 2991 milites,
1978 2913 2189 2975 crebro
2221 2914 2397 2975 etiam
2432 2913 2728 2975 dicentem
2759 2911 2853 2973 in-

485 2996 922 3081 terpellabant3
969 3012 1032 3059 ut
1072 3019 1299 3079 magno
1328 3019 1464 3059 cum
1496 2998 1708 3060 dolore
1738 2998 2103 3061 infidelitatis
2132 2999 2530 3099 suspicionem
2563 2997 2852 3058 sustinere

483 3081 848 3145 viderentur.

936 3081 1362 3145 Discedentem
1415 3083 1560 3144 vero
1626 3105 1701 3146 ex
1761 3086 2056 3146 concione
2122 3082 2380 3145 universi
2440 3083 2850 3157 cohortantur,

485 3187 714 3249 magno
737 3168 816 3229 sit
843 3168 1068 3245 animo,
1099 3189 1217 3234 neu
1245 3169 1476 3230 dubitet
1505 3168 1782 3252 proelium
1814 3170 2205 3245 committere,
2230 3182 2290 3230 et
2318 3189 2484 3228 suam
2522 3167 2700 3228 fidem
2730 3166 2851 3226 vir-

404 3255 791 3333 35tutemque
820 3254 1101 3336 experiri.

1189 3249 1334 3334 Quo
1377 3253 1558 3330 facto,
1589 3254 1960 3315 commutata
1987 3255 2255 3315 omnium
2284 3252 2593 3314 voluntate
2622 3265 2683 3312 et
2722 3250 2851 3332 opi-

490 3336 688 3411 nione,
714 3357 1008 3398 consensu
1039 3358 1275 3397 summo
1299 3338 1610 3398 constituit
1638 3337 1854 3414 Curio,
1880 3359 2062 3419 quum
2094 3337 2355 3420 primum
2382 3337 2460 3398 sit
2481 3336 2628 3398 data
2656 3350 2855 3419 potes-

487 3431 598 3493 ωε,
630 3419 848 3501 proelio
896 3442 1020 3481 rem
1051 3421 1442 3483 committere.

1529 3421 1787 3485 Postero
1817 3422 1914 3484 die

487 3503 896 3585 superioribus
925 3506 1136 3566 diebus
1183 3507 1550 3582 constiterat,
1598 3508 1660 3568 in
1710 3508 1840 3568 acie
1868 3529 1943 3569 co

1988 3422 2290 3498 roductos,
2322 3422 2459 3483 loco
2488 3421 2701 3482 eodem
2733 3441 2855 3502 quo

1944 3445 2145 3568 ilocat.
2233 3505 2331 3568 Ne
2361 3505 2562 3568 Varus
2611 3505 2855 3588 quidem

489 3587 688 3649 Attius
718 3588 957 3650 dubitat
984 3590 1193 3672 copias
1223 3591 1595 3674 producere3
1644 3593 1768 3654 sive
1814 3590 2462 3668 sollicitandi*milites‚
2511 3591 2637 3652 sive
2677 3610 2858 3673 aequo

406 3672 629 3733 40loco
654 3673 982 3734 dimicandi
1008 3675 1180 3736 detur
1205 3676 1468 3752 occasio,
1496 3697 1572 3737 ne
1601 3676 1943 3738 facultatem
1975 3677 2409 3761 praetermittat.

437 3870 447 3882 ·
472 3810 511 3856 1.
551 3809 683 3856 Dum
712 3823 808 3856 rece
842 3813 913 3856 las
941 3809 1209 3872 provincias
1225 3811 1274 3872 r]
1311 3811 1600 3870 Hispaniam

407 3871 672 3918 citeriorem
695 3882 741 3917 et
765 3888 792 3916 u
815 3872 1047 3918 ter-iorem,

469 3934 538 3980 lb.
555 3933 670 3980 Hoec
689 3939 792 3981 acta
812 3933 973 3980 diebus
995 3949 1071 3981 xi..
1092 3934 1272 4010 quibus,
1294 3933 1403 3997 δια]
1445 3936 1600 3983 Facto

406 3996 689 4043 numerandi
721 3996 856 4042 initio
888 3998 951 4044 ab
982 4012 1041 4042 eo
1073 3999 1149 4044 die
1171 4013 1266 4057 quo
1288 4008 1400 4045 ante
1421 4000 1599 4046 exerci-

407 4067 506 4104 tum
530 4057 747 4104 hostilem
780 4059 923 4117 coepit
953 4075 1072 4105 esse.
1141 4059 1218 4106 Sic
1254 4060 1423 4107 Cicero
1454 4061 1600 4108 dicit:

415 4118 548 4167 Venit
569 4118 622 4167 in
642 4124 819 4168 sumtu.
884 4121 963 4167 Sic
987 4121 1240 4168 Phaednu:
1285 4122 1340 4170 In
1364 4137 1470 4169 com
1503 4127 1604 4169 ectu

404 4196 503 4229 meo
524 4181 662 4228 aude!
685 4181 853 4231 venire.
904 4185 983 4230 Sic
1010 4184 1175 4238 Varro,
1201 4184 1264 4228 sic
1290 4183 1384 4230 alii.
1481 4186 1528 4230 bi
1552 4184 1603 4231 t'n

407 4245 675 4301 praepositio
702 4244 923 4305 jungitur
966 4259 1075 4291 cum
1118 4246 1342 4302 ablativo,
1384 4247 1602 4306 quamvis

403 4312 559 4349 motus
581 4305 889 4365 significetur.

463 4366 540 4435 22.
565 4367 832 4429 Respicimis
859 4369 997 4427 ι’λὶιιά,
1029 4369 1154 4431 quod
1181 4368 1411 4416 deditione
1432 4369 1599 4431 dacia]

405 4425 581 4472 Milites
603 4430 699 4474 duo
720 4432 935 4477 fecerant
956 4441 1275 4487 sacramenta,
1307 4445 1449 4477 unum
1474 4434 1601 4490 apud

403 4485 683 4556 lfomitium,
700 4492 901 4540 alterum
918 4495 1046 4552 apud
1064 4495 1320 4540 Caesaretn.
1367 4494 1457 4540 Hic
1475 4509 1600 4552 quae-

406 4553 524 4591 ntur
545 4561 607 4592 an
630 4560 772 4619 capto
793 4555 915 4617 duce
937 4557 1150 4602 solvatur
1179 4558 1309 4613 prius
1332 4571 1602 4601 sat-ramen-

405 4613 503 4651 tum
524 4608 542 4650 ?
592 4608 641 4652 St
676 4614 898 4661 adversus
921 4617 1083 4663 hostes
1103 4626 1293 4664 exteros
1317 4632 1392 4664 res
1413 4631 1603 4678 gerere-

1662 3823 1755 3868 tur,
1788 3828 1881 3860 non
1918 3814 2175 3860 solveretur
2201 3820 2568 3859 sacramentum.
2635 3812 2862 3872 Pugnant

1662 3876 1790 3920 enim
1825 3876 1981 3922 hostes
2004 3877 2064 3921 de
2084 3875 2270 3922 excidio
2337 3876 2467 3920 atrise
2489 3889 2605 3930 sure,
2628 3890 2723 3920 non
2747 3874 2862 3919 vero

1664 3938 1790 3983 cives
1805 3938 1851 3983 in
1873 3937 1996 3983 civili
2020 3937 2143 3983 bello
2159 3940 2220 3983 de
2237 3946 2286 3982 to
2322 3938 2447 3982 endo
2464 3944 2703 3995 pugnant,
2716 3946 2863 3993 atque

1665 3999 1787 4046 adeo
1815 4014 1910 4045 non
1945 4001 2007 4046 ibi
2039 3999 2262 4048 censendi
2295 4000 2563 4045 desertores
2586 3998 2669 4057 qui
2692 3999 2720 4044 ἰ
2738 4000 2864 4043 duee

1663 4062 1724 4108 ad
1757 4063 1927 4107 ducem
1963 4059 2147 4108 adversi
2207 4071 2471 4114 transeunt,
2493 4059 2766 4118 tolliturque
2792 4061 2865 4108 fn·

1665 4121 1754 4167 cile
1775 4124 1976 4180 primum
2001 4131 2366 4169 sacramentum.
2428 4121 2505 4168 Ea
2529 4121 2767 4168 sementi·
2793 4131 2867 4168 est

1661 4183 1994 4229 Jurisconsulti
2018 4185 2223 4244 Ulpiani.
2287 4184 2444 4242 Caput
2469 4185 2599 4242 apud
2625 4184 2870 4243 juriscon-

1663 4245 1810 4291 sultos
1847 4254 2023 4292 statum
2044 4248 2297 4308 sig-nificat,
2329 4255 2377 4292 et
2410 4246 2568 4303 capite
2605 4245 2871 4294 dinanum

1663 4307 1853 4362 dicitur,
1874 4308 1954 4367 qui
1975 4308 2082 4354 etim
2105 4309 2315 4370 suijuris
2337 4317 2480 4364 esset,
2497 4307 2658 4353 alieno
2682 4307 2872 4367 sanee-

1664 4377 1738 4414 tus
1761 4385 1865 4415 esse
1884 4369 2045 4428 coepit.
2110 4372 2205 4418 Sed
2228 4372 2318 4416 boc
2340 4368 2510 4416 acerbe
2548 4370 2629 4415 hle
2667 4371 2874 4416 dictum.

1665 4431 1772 4476 Non
1797 4433 1923 4477 enim
1947 4441 2054 4478 sunt
2092 4434 2390 4492 captivitates
2425 4433 2551 4477 inter
2582 4433 2711 4477 cives
2748 4443 2877 4491 pug-

1662 4501 1849 4538 nantes.
1914 4495 2008 4540 Sed
2048 4494 2158 4542 illud
2192 4495 2277 4554 jus
2315 4495 2441 4540 inter.
2480 4495 2643 4540 hostes
2682 4491 2877 4539 tamum

1664 4564 1841 4602 munet.
