3059 5050
721 317 847 383 DE
892 315 1197 382 BELLO
1227 313 1705 380 AFRICANO
1749 312 2052 380 LIBER.

2494 321 2611 383 341

155 466 331 533 Duas
359 467 643 531 instruxit
671 466 861 530 acies:
924 487 1102 529 unam
1151 465 1516 529 funditorum
1550 476 1763 526 contra
1789 462 2162 545 elephantos,
2194 483 2334 544 quoe
2363 465 2534 547 quasi

159 554 639 618 adversariorum
689 552 892 614 locum
943 552 1257 628 obtineret,
1305 563 1366 612 et
1410 563 1623 612 contra
1659 569 1868 610 eorum
1916 547 2169 626 frontem
2221 550 2536 612 adversam

158 638 397 724 lapillos
442 639 706 700 minutos
756 636 1053 714 mitteret3
1108 636 1326 698 deinde
1370 636 1432 696 in
1477 634 1749 695 ordinem
1798 632 2151 714 elephantos
2197 635 2536 697 constituit:

158 740 296 809 post
318 723 455 785 illos
481 736 681 785 autem
709 721 901 785 aciem
933 742 1101 782 suam
1128 719 1437 799 instruxit3
1481 732 1567 795 ut,
1598 738 1782 800 quum
1815 717 1894 778 ab
1924 716 2281 781 adversariis
2306 718 2537 803 lapides

158 809 313 871 mitti
338 809 681 891 coepissent,
711 820 771 868 et
797 806 1098 888 elephanti
1121 804 1417 888 perterriti
1442 825 1505 865 se
1531 803 1610 865 ad
1635 824 1774 864 suos
1798 801 2247 878 convertissent,
2274 824 2476 866 rursus
2501 805 2539 866 a
2582 808 2620 865 5

158 893 269 956 sua
299 893 453 969 acie,
482 892 784 976 lapidibus
821 891 1032 966 missiS‚
1078 911 1181 951 eos
1227 900 1647 950 converterent
1693 886 2012 949 adversum
2057 887 2329 965 hostem:
2373 891 2538 971 quod

160 979 334 1061 segre
367 977 661 1059 tardeque
689 976 907 1039 fiebat:
961 974 1137 1036 rudes
1165 974 1327 1035 enim
1354 973 1662 1056 elephanti
1693 971 2016 1034 multorum
2048 993 2344 1034 annorum
2392 973 2540 1036 doc-

160 1063 341 1139 trina,
370 1083 597 1143 usuque
625 1072 852 1123 vetusto
899 1059 1003 1122 vix
1051 1059 1272 1136 edocti,
1316 1073 1518 1121 tamen
1561 1058 1870 1120 communi
1917 1056 2189 1140 periculo
2234 1056 2300 1120 in
2347 1058 2539 1121 aciem

162 1148 597 1234 producuntur.

247 1229 554 1294 XXVIII.
601 1228 765 1291 Dum
797 1229 932 1292 haec
959 1229 1039 1291 ad
1067 1227 1417 1311 Ruspinam
1443 1229 1523 1290 ab
1548 1226 1816 1308 utrisque
1839 1225 2093 1289 ducibus
2116 1228 2626 1295 administran-lo

163 1330 278 1393 tur,
320 1316 395 1378 C.
429 1314 720 1397 Virgilius
768 1313 1127 1390 Praetorius,
1179 1313 1284 1395 qui
1326 1311 1586 1397 Thapso
1633 1313 1863 1394 oppido
1910 1312 2212 1374 maritimo
2260 1328 2539 1397 praeerat,

161 1423 345 1484 quum
377 1400 896 1463 animadvertisset
924 1419 1110 1461 naves
1151 1397 1422 1480 singulas
1468 1419 1606 1460 cum
1654 1397 1923 1460 exercitu
1971 1395 2239 1460 Caesaris
2287 1398 2544 1462 incertas

159 1487 430 1549 locorum
464 1503 643 1567 atque
673 1498 1010 1547 castrorum
1042 1504 1286 1545 suorum
1317 1482 1553 1565 vagari,
1599 1483 1980 1546 occasionem
2030 1497 2261 1561 nactuS‚
2305 1505 2542 1562 navem,

158 1593 343 1656 quam
391 1571 477 1633 ibi
524 1568 739 1632 habuit
785 1570 1139 1645 actuariam‚
1169 1568 1435 1653 complet
1464 1569 1752 1632 militibus
1800 1582 1860 1631 et
1907 1568 2271 1649 sagittariis:
2340 1570 2534 1633 eidem

160 1657 420 1740 scaphas
448 1657 524 1718 de
554 1655 810 1717 navibus
840 1654 1157 1736 adjungit;
1200 1674 1273 1716 ac
1318 1653 1588 1735 singulas
1631 1675 1817 1716 naves
1861 1652 2251 1715 Caesarianas
2297 1661 2626 1719 consec-15

160 1743 277 1803 tari
302 1741 526 1825 coepit3
570 1750 630 1802 et
653 1760 837 1821 quum
865 1740 1065 1821 plures
1088 1739 1357 1816 adortus,
1381 1739 1588 1823 pulsus
1612 1737 1974 1820 fugatusque
1998 1738 2139 1800 inde
2162 1738 2546 1817 discessisset,

161 1848 289 1903 nec
319 1840 521 1887 tamen
569 1824 877 1887 desisteret
919 1823 1267 1907 periclitari,
1298 1823 1453 1885 forte
1485 1823 1700 1885 incidit
1742 1823 1803 1885 in
1850 1844 2087 1899 navem,
2118 1822 2179 1884 in
2211 1823 2332 1905 qua
2376 1838 2550 1887 erant

162 1912 290 1973 duo
340 1908 472 1972 Titi
526 1908 790 1993 Hispani
838 1908 1268 1985 adolescentes,
1322 1908 1547 1970 tribuni
1595 1907 1852 1991 legionis
1898 1928 1958 1969 v.
2007 1927 2264 1989 quorum
2314 1922 2547 1991 patrem

167 1996 388 2058 Caesar
412 1995 473 2057 in
503 2009 777 2057 senatum
806 1994 1058 2075 legerat,
1095 2008 1157 2055 et
1200 2015 1339 2056 cum
1387 1994 1480 2055 his
1526 1991 1609 2055 T.
1643 1990 1924 2054 Salienus
1971 1992 2244 2055 centurio
2291 1991 2548 2075 legionis

168 2080 458 2162 ejusdem,
489 2079 593 2162 qui
620 2077 714 2143 M.
744 2077 1094 2141 Messallam
1126 2079 1395 2161 legatum
1426 2078 1749 2141 obsederat
1774 2076 2103 2153 Messanae,
2134 2091 2194 2139 et
2223 2078 2634 2145 seditiosis-20

168 2165 322 2227 sima
346 2164 621 2228 oratione
643 2164 808 2248 apud
837 2184 973 2225 eum
999 2177 1089 2226 est
1116 2184 1294 2226 usus:
1339 2163 1621 2244 idemque
1649 2177 1710 2224 et
1731 2163 2075 2247 pecuniam,
2105 2174 2166 2226 et
2193 2178 2551 2228 ornamenta

167 2251 451 2334 triumphi
484 2248 753 2312 Caesaris
783 2248 1095 2312 retinenda
1117 2263 1178 2311 et
1204 2248 1601 2311 custodienda
1646 2262 1992 2311 curaverat:
2036 2260 2097 2309 et
2120 2249 2202 2310 ob
2225 2248 2335 2311 has
2377 2270 2551 2312 caus-

166 2358 263 2397 sas
293 2337 542 2398 timebat
588 2335 723 2397 sibi.
810 2331 935 2411 Hic
964 2348 1213 2419 propter
1239 2334 1672 2398 conscientiam
1717 2347 2105 2417 peccatorum
2138 2351 2383 2396 suorum
2416 2356 2552 2419 per-

164 2422 370 2497 suasit,
421 2419 904 2484 adolescentibus
951 2440 1027 2481 ne
1075 2432 1502 2503 repugnarent,
1553 2440 1798 2500 seseque
1840 2417 2107 2501 Virgilio
2155 2420 2549 2483 transderent.

162 2504 381 2589 Itaque
410 2504 651 2570 deducti
699 2506 737 2568 a
779 2503 1048 2588 Virgilio
1095 2504 1174 2568 ad
1222 2504 1576 2589 Scipionem
1621 2503 1971 2567 custodibus
2001 2503 2297 2583 transditi‚
2327 2519 2398 2570 et*
2416 2511 2633 2589 post25

163 2593 328 2655 diem
377 2614 479 2656 111.
522 2609 660 2654 sunt
706 2588 1019 2655 interfecti.

1109 2588 1238 2673 Qui
1285 2611 1471 2673 quum
1520 2590 1883 2653 ducerentur
1928 2590 2008 2653 ad
2055 2611 2285 2668 necem,
2334 2592 2553 2674 petisse

162 2678 391 2740 dicitur
435 2678 632 2759 major
675 2674 858 2739 Titus
887 2677 926 2739 ‘a
952 2676 1429 2753 centurionibuS,
1478 2675 1564 2737 uti
1608 2695 1673 2738 se
1718 2675 2004 2759 priorem,
2053 2676 2236 2756 quam
2284 2675 2550 2754 fratrem,

161 2763 606 2841 interficerent3
649 2762 832 2845 idque
862 2762 940 2825 ab
968 2761 1055 2825 eis
1082 2759 1264 2825 facile
1306 2760 1679 2845 impetrasse,
1710 2771 1890 2842 atque
1918 2760 2006 2822 ita
2030 2782 2160 2823 esse
2189 2760 2550 2825 interfectos.

250 2846 499 2912 XXIX.
543 2845 800 2911 Turmae
829 2846 1068 2911 interim
1099 2846 1388 2929 equitum,
1419 2867 1561 2929 quoe
1589 2866 1708 2930 pro
1751 2845 1916 2907 vallo
1945 2845 2008 2907 in
2038 2846 2396 2909 stationibus
2426 2868 2554 2910 esse

163 2933 462 3011 solebant,
492 2937 571 2997 ab
601 2933 871 3015 utrisque
898 2931 1155 2994 ducibus
1178 2931 1448 3014 quotidie
1473 2931 1718 2993 minutis
1741 2930 1971 3015 proeliis
2001 2931 2155 2994 inter
2184 2953 2247 2993 se
2276 2938 2642 3015 pugnarem

160 3040 292 3081 non
341 3019 756 3081 intermittunt.

842 3015 1303 3099 Nonnunquam
1332 3016 1514 3078 etiam
1547 3014 1842 3078 Germani
1874 3015 2159 3098 Gallique
2189 3014 2556 3080 Labieniani

160 3125 307 3167 cum
340 3103 610 3166 Caesaris
657 3101 977 3184 equitibus,
1017 3101 1136 3163 fide
1164 3100 1327 3178 datii,
1357 3100 1513 3164 inter
1544 3122 1607 3163 se
1635 3099 2155 3182 colloquebantur.
2244 3100 2557 3164 Labienus

159 3189 408 3251 interim
440 3209 578 3251 cum
608 3200 780 3271 parte
822 3185 1126 3269 equitatus
1170 3184 1416 3270 Leptim
1468 3185 1783 3285 oppidum,
1828 3186 1927 3248 cui
1974 3199 2236 3270 praeerat
2294 3186 2562 3250 Saserna

158 3295 307 3336 cum
339 3273 693 3336 cohortibus
736 3293 839 3335 111.
871 3291 1249 3356 oppugnare,
1295 3292 1367 3334 ac
1398 3271 1459 3334 vi
1506 3291 1859 3355 irrumpere,
1890 3272 2265 3334 conabatur:
2311 3273 2476 3355 quod
2520 3272 2559 3336 a

160 3358 587 3423 defensoribus
633 3370 879 3442 propter
924 3356 1235 3440 egregiam
1289 3356 1686 3420 munitionem
1732 3378 1773 3419 o
1815 3357 1964 3440 pidi,
2007 3369 2068 3420 et
2119 3362 2642 3422 tormentorum35

161 3443 635 3521 multitudinem,
688 3442 868 3506 facile
915 3456 976 3506 et
1020 3442 1150 3505 siue
1200 3442 1471 3526 periculo
1518 3441 1772 3505 defende
1816 3456 1971 3506 atur.
2058 3443 2249 3526 Quod
2282 3445 2384 3506 ubi
2431 3446 2561 3528 ejus

163 3530 369 3592 facere
397 3529 699 3611 equitatus
731 3527 956 3612 saepius
988 3548 1111 3589 non
1139 3527 1610 3606 intermittebat3
1656 3543 1716 3590 et
1745 3549 1928 3610 quum
1963 3527 2117 3590 forte
2151 3542 2288 3591 ante
2317 3544 2556 3614 portam

162 3629 367 3677 turma
411 3616 601 3678 densa
630 3614 994 3691 adstitisset3
1038 3613 1359 3698 scorpione
1390 3613 1733 3676 accuratius
1764 3613 1970 3691 misso,
2001 3628 2183 3696 atque
2212 3635 2423 3677 eorum
2455 3617 2562 3678 de-
2651 3667 2656 3671 .

163 3699 420 3762 curione
448 3716 753 3785 percusso,
797 3714 858 3763 et
883 3699 924 3737 ¹¹*
953 3698 1034 3761 ad
1080 3696 1509 3762 Decumanam
1545 3698 1773 3776 defixo,
1805 3698 2020 3781 reliqui
2049 3699 2367 3784 perterriti,
2413 3699 2565 3782 fuga

161 3863 425 3929 doersum-e
446 3863 682 3928 emunda]
737 3864 938 3925 Plinius,
957 3865 1041 3914 lib.
1064 3880 1174 3916 vm.
1195 3881 1305 3927 cap.
1326 3869 1374 3915 8.

163 3929 242 3976 his
266 3937 590 3976 consentanea
618 3927 796 3976 scribit.

226 3993 273 4037 Β.
319 3989 495 4038 Tamen
524 3990 761 4038 communi
789 3989 1017 4053 peniculo,
1049 3987 1160 4053 δια]
1229 3991 1374 4038 Com-

164 4052 303 4100 muni
324 4067 516 4100 suorum
541 4052 741 4099 militum
764 4060 813 4100 et
834 4053 1055 4101 bostium.

236 4116 316 4224 lid
341 4115 557 4179 Thapso-J
590 4115 812 4175 Thumna
831 4115 1004 4163 Africa
1019 4114 1214 4177 proprie
1234 4116 1376 4164 dicta

162 4194 193 4224 o
267 4193 280 4225 ι
319 4192 413 4223 um.

194 4192 304 4287 οἷς).
334 4239 386 4286 T.
414 4238 631 4289 salicum
656 4239 865 4288 centurio
896 4239 1093 4315 legionis
1128 4239 1374 4305 qualem]

164 4299 473 4350 eoam-ianus
506 4311 629 4358 erat,
662 4303 749 4349 sed
784 4302 834 4349 in
855 4303 1087 4351 seditione
1120 4303 1271 4350 multa
1292 4304 1376 4350 ad-

162 4363 333 4412 versus
350 4364 593 4412 Cesar-em
610 4365 887 4413 admiserat.

224 4428 306 4472 20.
328 4426 397 4473 M.
418 4427 679 4475 umatum
703 4427 947 4489 legatum]
999 4426 1220 4475 Caesaris.

223 4490 307 4535 25.
340 4488 450 4535 Post
471 4488 593 4537 diem
614 4504 690 4538 ιιι.
710 4494 820 4538 sunt
840 4485 1108 4552 Musseti]
1142 4489 1258 4537 Ideo
1273 4497 1376 4537 tam

160 4551 386 4598 crudeles
404 4550 452 4597 in
470 4551 596 4599 bello
614 4552 774 4608 civiti,
787 4551 901 4627 quia
912 4560 1235 4626 proeterquam
1250 4551 1378 4611 quod

160 4613 450 4668 amicorum,
469 4622 722 4675 postquam
747 4614 928 4661 inimici
949 4623 1059 4661 sunt
1076 4614 1210 4673 sacti,
1233 4616 1377 4673 quam

161 4676 441 4786 {lg-nsffim
464 4675 786 4798 ιιιιὲἑοξζέιέῐ
805 4676 937 4737 odia,
964 4677 1091 4727 inter
1126 4678 1256 4726 cives
1278 4692 1377 4725 non

387 4753 411 4784 r
439 4753 467 4786 c
570 4753 616 4785 vi

1496 3866 1577 3914 33.
1621 3865 1821 3914 Samma
1861 3879 1966 3915 cm·
2016 3866 2273 3915 cohortibus
2317 3867 2412 3930 ιιι]
2477 3867 2649 3915 Paullo

1437 3942 1586 3987 supra
1617 3928 1845 3986 scriptum
1869 3929 1995 3976 hunc
2019 3929 2158 3988 Lepti
2196 3929 2415 3977 relictum
2436 3944 2545 3977 cum
2568 3946 2649 3978 co-

1438 3991 1654 4037 hortibus
1679 4005 1745 4037 v1.
1812 3991 1907 4038 Sed
1940 3999 2163 4050 poterant
2187 4006 2262 4040 ιιι.
2285 3991 2389 4040 alite
2418 3992 2513 4039 alio
2542 4007 2652 4041 esse

1439 4052 1611 4110 misso,
1636 4061 1719 4099 aut
1740 4052 1851 4099 inde
1868 4053 2032 4112 aliqu·
2048 4056 2108 4102 de
2130 4069 2301 4103 caussa
2321 4056 2554 4102 deducte.

1499 4117 1580 4162 38.
1610 4115 1895 4178 Scorpium]
1950 4115 2175 4179 Vegetlus
2199 4118 2546 4165 mantibulistas
2566 4131 2649 4164 vo·

1438 4183 1536 4234 cat,
1558 4191 1662 4237 (με
1684 4175 1712 4225 ὰ
1734 4178 1837 4225 viro
1859 4194 1955 4226 uno
1971 4179 2283 4240 dirigebatur.

1499 4241 1580 4287 39.
1615 4239 1947 4289 nemmem.
2026 4241 2311 4290 Decumana
2345 4251 2416 4289 est
2460 4250 2647 4289 scutum

1439 4301 1803 4361 amplissimum,
1825 4303 1896 4352 ita
1915 4305 1948 4351 d
2050 4321 2095 4350 m
2119 4303 2243 4363 quod
2266 4312 2392 4352 esset
2415 4312 2467 4349 ut
2489 4303 2647 4351 Decu-

1440 4379 1613 4412 manus
1635 4364 1821 4412 fluctus.
1876 4365 2028 4413 Autor
2049 4366 2221 4416 Festus
2243 4367 2326 4414 lib.
2348 4368 2410 4414 de
2432 4375 2648 4415 veterum

1437 4428 1694 4474 verborum
1726 4428 2088 4489 significatione.
2155 4429 2344 4475 Censeo
2375 4437 2538 4475 tamen
2571 4429 2650 4477 hic

1439 4503 1547 4537 esse
1579 4491 1801 4536 mendum
1824 4492 1952 4549 quod
1989 4490 2171 4538 indicat
2209 4491 2481 4547 asteriscus,
2504 4502 2651 4554 atque

1440 4550 1566 4600 adeo
1588 4550 1879 4598 Decumanoe
1900 4561 2051 4611 μοι-ιω
2072 4561 2339 4600 castrorum
2379 4555 2481 4602 fieri
2518 4569 2648 4601 men·

1438 4615 1640 4670 tionem,
1661 4627 1766 4672 quae
1787 4621 1909 4661 teste
1931 4614 2098 4675 Veget.
2128 4615 2210 4662 lib.
2233 4631 2267 4664 1.
2300 4631 2410 4677 cap.
2436 4617 2507 4666 12.
2539 4625 2651 4676 post

1439 4675 1723 4725 Praetori-m
1747 4684 1837 4733 est,
1857 4684 1910 4722 ut
1931 4684 2005 4724 est
2026 4693 2174 4739 supra
2195 4678 2372 4727 dictum
2389 4679 2537 4729 Mss.
2552 4681 2651 4726 duo

1437 4737 1583 4801 Regii
1613 4747 1663 4788 et
1699 4738 1971 4789 Victorinus
2010 4755 2132 4791 unus
2168 4744 2324 4793 coda
2367 4744 2550 4793 habent
2585 4740 2652 4789 σα
