3059 5050
1234 262 1512 331 LIBER
1552 266 1605 329 1.
2552 273 2633 334 30

200 415 543 487 AEduorum
592 410 1007 475 auctoritatem
1051 411 1214 494 apud
1253 433 1461 474 omnes
1486 410 1717 493 Belgas
1737 409 2269 495 ‘amplificatus-um,
2298 433 2556 496 qnorum

202 498 444 564 auxiliis
476 511 653 580 atque
683 496 919 579 opibuS‚
969 496 1015 557 si
1058 517 1180 578 qua
1208 495 1368 558 bella
1397 495 1733 572 inciderint,
1769 510 2096 559 sustentare
2124 497 2553 560 consueverint.

285 581 430 644 XV.
478 580 710 657 Caesar,
736 581 979 642 honoris
1020 578 1310 642 Divitiaci
1341 593 1518 662 atque
1559 578 1900 641 AEduorum
1930 581 2161 656 caussa,
2193 602 2319 643 sese
2363 603 2467 644 eos
2494 581 2558 644 in

199 668 381 731 fidem
429 687 564 727 rece
608 677 802 726 turum
835 678 893 726 et
920 680 1428 740 conservaturum,
1476 663 1670 726 dixit:
1713 677 1774 725 et
1801 664 1963 746 quod
1992 667 2122 727 ‘erat
2148 665 2359 727 civitas
2387 686 2558 747 mag·-

200 774 282 814 na
311 762 371 812 et
392 751 545 811 inter
564 688 796 830 gelgas
821 749 1172 809 auctoritate
1201 769 1272 817 ae
1312 747 1625 809 hominum
1669 747 2045 809 multitudine
2073 750 2420 831 praestabat,
2448 770 2556 811 nc.
2600 751 2642 810 5

201 835 441 898 obsides
488 836 804 917 poposcit:
849 833 938 893 his
984 832 1236 908 traditis,
1267 832 1664 914 omnibusque
1707 833 1887 893 armis
1918 853 1994 894 ex
2039 831 2266 915 oppido
2307 832 2558 909 collatis,

202 921 285 982 ab
314 940 389 979 eo
433 919 569 978 loco
617 917 678 978 in
709 917 855 978 fines
904 916 1342 978 Ambianorum
1374 917 1663 999 pervenit,
1695 916 1797 997 qui
1828 937 1890 977 se
1920 937 2143 997 suaque
2187 917 2391 979 omnia
2434 916 2561 977 sine

200 1002 376 1064 mora
406 1001 780 1063 dediderunt.
867 998 1102 1061 Eorum
1132 1000 1281 1061 fines
1305 999 1516 1061 Nervii
1550 1000 1962 1081 attingebant3
2006 1021 2258 1082 quorum
2284 1000 2359 1062 de
2387 1013 2560 1061 natu-

201 1108 273 1149 ra
314 1087 696 1166 moribusque
728 1082 941 1146 Caesar
966 1105 1148 1165 quum
1175 1097 1489 1181 quaereret,
1518 1085 1603 1145 sic
1634 1085 1968 1167 reperiebat
1993 1105 2008 1145 ε
2053 1083 2301 1145 Nullum
2333 1084 2560 1147 aditum

202 1192 328 1232 esse
370 1171 449 1232 ad
495 1190 598 1230 eos
637 1169 1109 1230 mercatoribus:
1154 1168 1302 1230 mhil
1345 1168 1469 1250 pati
1517 1167 1665 1245 vini,
1707 1168 2189 1250 reliquarumque
2232 1188 2426 1230 rerum
2483 1167 2645 1232 adlo

202 1254 506 1316 luxuriam
551 1252 990 1338 pertinentitnn,
1022 1251 1264 1313 inferri:
1311 1251 1475 1334 quod
1505 1251 1596 1313 his
1623 1254 1801 1313 ‘rebus
1832 1251 2281 1334 relanguescere
2310 1252 2561 1327 animos,

202 1359 529 1419 eorumque
559 1338 775 1398 remitti
818 1338 1095 1398 virtutem
1124 1336 1536 1397 existimarent
1562 1358 1577 1397 :
1621 1358 1748 1397 esse
1778 1337 2050 1399 homines
2089 1337 2263 1413 feros,
2295 1355 2564 1417 magnae-

202 1444 320 1504 que
348 1423 580 1484 virtutis
606 1443 622 1481 :
668 1420 1026 1504 increpitare
1054 1433 1236 1502 atque
1266 1441 1551 1481 accusare
1580 1419 1840 1502 reliquos
1869 1419 2115 1501 Belgas,
2148 1421 2251 1501 qui
2280 1442 2341 1482 se
2369 1440 2564 1503 popu-

202 1507 264 1568 lo
289 1505 370 1567 R.
401 1506 716 1581 dedissent,
749 1518 807 1567 et
835 1507 1091 1588 patriam
1122 1504 1397 1566 virtutem
1429 1504 1852 1587 projecissent:
1897 1506 2255 1566 confirmare
2284 1525 2346 1565 se
2374 1524 2565 1585 neque

202 1589 436 1672 legatos
466 1591 766 1666 missuroS,
798 1610 988 1670 neque
1019 1588 1203 1649 ullam
1233 1588 1636 1650 conditionem
1668 1590 1835 1671 pacis
1866 1605 2234 1673 accepturos».
2295 1605 2298 1608 ⁴
2570 1592 2646 1651 15

288 1672 466 1735 XVI.
512 1673 715 1755 Quum
747 1695 854 1758 per
883 1694 1089 1734 eorum
1120 1672 1268 1734 fines
1310 1673 1509 1733 triduo
1552 1674 1662 1734 iter
1685 1673 1934 1749 fecisset,
1959 1673 2299 1735 inveniebat
2320 1694 2396 1735 ex
2422 1693 2566 1754 cap·

202 1758 362 1834 tivis,
409 1758 600 1818 Sabin
648 1758 868 1818 flumen
922 1759 999 1818 ab
1052 1757 1261 1817 castris
1303 1756 1423 1816 suis
1470 1778 1592 1817 non
1647 1757 1905 1838 amplius
1957 1756 2145 1817 millia
2189 1778 2470 1839 passuum
2502 1777 2562 1816 x.

205 1844 455 1904 abesse:
498 1854 661 1901 trans
707 1841 772 1901 id
817 1841 1037 1901 flumen
1067 1860 1274 1900 omnes
1303 1838 1562 1900 Nervios
1610 1842 1969 1916 consedisse,
2013 1839 2454 1921 adventumque
2482 1839 2567 1900 ibi

205 1924 633 1989 Romanorum
667 1936 1034 2005 exspectare,
1065 1922 1186 1984 una
1215 1944 1351 1984 cum
1384 1923 1773 1985 Atrebatibus
1813 1936 1870 1984 et
1898 1922 2359 1999 VeromanduiS‚
2390 1923 2569 1985 finiti-

206 2009 325 2069 mis
351 2009 507 2085 suis;
551 2028 690 2069 nam
722 2007 813 2068 bis
846 2007 1107 2088 utrisque
1128 2020 1566 2089 persuaserant,
1593 2019 1658 2067 ut
1680 2007 1931 2067 eandem
1961 2005 2101 2067 belli
2139 2005 2434 2068 fortunam
2465 2010 2654 2067 eit-20

204 2092 580 2192 perirentur:
623 2091 956 2173 exspectari
989 2091 1165 2151 etiam
1198 2092 1275 2151 ab
1307 2091 1397 2151 his
1425 2090 1844 2151 Atuaticorum
1875 2091 2100 2172 copias,
2134 2103 2313 2170 atque
2357 2111 2482 2151 esse
2508 2089 2569 2151 in

203 2176 452 2237 itinere:
498 2176 794 2250 muliereS‚
826 2174 1046 2255 quique
1074 2195 1182 2255 per
1228 2188 1467 2235 aetatem
1522 2174 1601 2235 ad
1633 2196 1898 2256 pugnam
1944 2173 2178 2235 inutiles
2212 2174 2569 2249 viderentur,

203 2261 266 2323 in
292 2282 425 2321 eum
452 2259 651 2321 locum
673 2259 1017 2339 conjecisse,
1049 2256 1166 2339 quo
1188 2272 1433 2340 propter
1451 2257 1703 2341 paludes
1727 2258 2014 2319 exercitui
2039 2258 2234 2319 aditus
2255 2280 2374 2320 non
2400 2270 2568 2319 esset.

288 2342 499 2406 XVII.
548 2341 781 2419 Caesar,
814 2342 904 2403 his
935 2343 1109 2403 rebus
1141 2344 1418 2423 cognitis,
1449 2342 1861 2424 exploratores
1892 2342 2383 2424 centurionesque
2413 2363 2569 2425 prae—

204 2429 403 2505 mittit,
456 2427 558 2510 qui
610 2426 811 2488 locum
864 2426 1071 2487 castris
1121 2427 1401 2487 idoneum
1451 2427 1720 2507 deligant
1746 2448 1761 2485 ε
1807 2447 2107 2507 quumque
2159 2448 2236 2487 ex
2288 2426 2650 2488 dedititiis&

204 2512 436 2594 Belgis,
468 2511 826 2593 reliquisque
858 2508 1052 2571 Gallis
1075 2510 1414 2594 complures
1445 2509 1753 2572 Ctesarem
1781 2510 1964 2590 secuti
1990 2510 2109 2572 uua
2132 2511 2243 2572 iter
2265 2510 2527 2573 facerent
2551 2533 2569 2588 3

207 2599 455 2679 quidam
486 2617 562 2658 ex
589 2596 701 2672 his,
733 2609 798 2656 ut
826 2607 1037 2679 postea
1065 2616 1140 2657 ex
1165 2595 1420 2698 captivis
1449 2596 1760 2676 cognitum
1788 2609 1894 2671 est,
1925 2601 2131 2656 eorum
2163 2597 2394 2658 dierum
2423 2617 2571 2657 con-

210 2682 519 2743 suetudine
547 2680 769 2741 itineris
794 2680 983 2741 nostri
1009 2679 1305 2742 exercitus
1336 2681 1664 2763 perspecta,
1697 2694 1871 2741 nocte
1901 2680 1978 2748 ad
2009 2678 2268 2742 Nervios
2287 2701 2572 2764 pervene-

208 2778 349 2827 runt
369 2787 387 2842 3
432 2778 606 2846 atque
646 2764 737 2826 his
767 2765 1344 2840 demonstraverunt,
1377 2765 1529 2825 inter
1581 2764 1846 2845 singulas
1876 2763 2143 2844 legiones
2180 2764 2572 2846 impedimen·

204 2863 404 2911 torum
454 2869 741 2930 magnum
784 2869 1095 2909 nnmerum
1128 2847 1529 2912 intercedere:
1575 2870 1767 2930 neque
1811 2870 1936 2909 esse
1965 2847 2293 2930 quidquam
2324 2848 2659 2930 negotii,30

204 2935 343 2996 cum
375 2934 573 3016 prima
600 2933 762 3015 legio
793 2932 854 2994 in
884 2932 1094 2994 castris
1124 2933 1396 3009 venisset,
1426 2933 1795 3014 reliquaeque
1824 2931 2090 3014 legiones
2121 2954 2410 3014 magnum
2435 2955 2574 3016 spa·

204 3019 353 3080 tium
408 3020 700 3094 abessent,
753 3016 910 3078 hanc
968 3016 1079 3077 sub
1139 3018 1387 3080 sarcinis
1452 3018 1678 3080 adoriri
1707 3038 1721 3076 ε
1767 3017 1887 3097 qua
1939 3017 2127 3098 pulsa,
2181 3017 2574 3100 impedimen-

204 3103 400 3184 tisque
452 3102 716 3184 direptiS‚
770 3100 1030 3162 futurum
1071 3115 1135 3162 ut
1172 3101 1418 3182 reliquae
1472 3101 1684 3162 contra
1720 3101 2042 3161 consistere
2093 3120 2214 3161 non
2268 3100 2572 3160 auderent.

202 3187 560 3269 Adjuvabat
609 3185 787 3246 etiam
836 3205 1042 3246 eorum
1091 3185 1427 3261 consilium,
1467 3185 1724 3266 quirem
1779 3184 2140 3258 deserebant,
2173 3182 2336 3263 quod
2355 3182 2575 3247 Nervii

204 3270 555 3353 antiquituS‚
587 3264 769 3352 quum
814 3268 1080 3351 equitatu
1109 3269 1258 3331 nihil
1297 3282 1559 3354 possent,
1595 3269 1814 3354 (neque
1860 3268 2019 3329 enim
2073 3268 2294 3337 adhoc
2342 3270 2659 3350 tempus35

202 3356 259 3417 ei
290 3356 374 3417 rei
406 3353 669 3438 student)
726 3354 848 3430 sed,
893 3354 1185 3436 quidquid
1225 3367 1493 3437 possunt,
1543 3354 1913 3438 pedestribus
1963 3352 2166 3415 valent
2210 3353 2422 3437 copiiS,
2453 3351 2575 3436 quo

203 3439 438 3502 facilius
497 3440 887 3500 finitimorum
934 3441 1283 3520 equitatum,
1315 3439 1363 3500 si
1402 3439 1720 3523 praedandi
1767 3433 1981 3501 caussa
2036 3438 2115 3500 ad
2151 3457 2255 3500 eos
2300 3438 2575 3516 venisset,

202 3525 581 3609 impedirent,
613 3522 829 3586 teneris
858 3523 1175 3585 arboribus
1221 3523 1424 3584 incisis
1463 3536 1642 3606 atque
1683 3523 1938 3600 inflexis,
1969 3523 2311 3605 crebrisque
2350 3524 2414 3586 in
2441 3523 2575 3586 lati-

262 3708 310 3752 2.
344 3707 644 3778 Sin-lentare]
678 3707 755 3754 Ea
775 3721 949 3766 nempe
969 3707 1110 3754 bella.
1461 3722 1597 3757 onere
1621 3708 1867 3817 constiff'ere
1888 3713 2170 3770 cogerentur.
2234 3707 2298 3754 Et
2333 3709 2413 3752 lib.
2434 3708 2494 3753 de
2536 3709 2660 3755 bello

269 3769 340 3814 10.
371 3767 509 3816 Naki!
529 3774 636 3830 pals
667 3767 800 3829 vini.]
837 3770 963 3815 Nam
994 3771 1122 3828 apud
1145 3769 1263 3816 alios
1287 3770 1399 3818 Gal·
1463 3772 1719 3818 Africano:
1809 3770 1927 3818 ilites
1945 3771 2027 3818 rub
2046 3785 2183 3824 onere
2204 3784 2256 3816 ac
2282 3769 2361 3816 sub
2376 3768 2567 3815 :meinis
2583 3770 2658 3817 de·

202 3830 294 3884 los,
316 3837 435 3876 teste
454 3832 698 3886 Athesim,
730 3829 759 3877 ὰ
779 3831 1001 3878 divitibus
1023 3831 1216 3890 quidem
1237 3831 1398 3878 vinnm
1451 3832 1683 3896 fatigatos
1695 3846 1913 3895 pugnare
1935 3848 2028 3880 non
2045 3845 2206 3893 possa·
2235 3831 2440 3878 Romani
2461 3831 2587 3876 enim
2610 3833 2659 3877 in

201 3891 384 3937 bibitur
399 3907 461 3938 ex
475 3892 615 3938 ltalia
628 3894 701 3938 vel
719 3893 1007 3940 Massiliensi
1024 3894 1217 3953 regione
1234 3896 1404 3940 advec-
1466 3895 1634 3942 itinere
1653 3895 1833 3949 vallum
1852 3896 2069 3941 serebant
2090 3903 2138 3940 et
2159 3895 2278 3940 alin
2308 3893 2537 3948 sarcinas,
2558 3893 2660 3951 qni·

200 3963 328 4006 tum,
350 3952 487 4011 idque
524 3968 722 4009 merum,
745 3955 820 4000 cui
853 3956 1139 4014 quandoque
1162 3957 1404 4014 paululum
1465 3960 1554 4004 bus
1576 3965 1714 4003 erant
1734 3956 1934 4016 gravati.
1998 3957 2233 4016 Egregius
2255 3965 2324 4002 est
2350 3955 2594 4001 Ciceronis
2611 3955 2661 4001 in

205 4028 347 4072 nquae
376 4016 670 4062 admiscetur.
733 4017 893 4064 Gallia
926 4017 1039 4066 vero
1077 4017 1404 4064 Narbonensis
1467 4019 1590 4065 hanc
1614 4033 1715 4065 rem
1738 4018 1866 4064 loeus
1888 4018 2142 4064 Tuscuhn.
2167 4032 2220 4064 n.
2251 4018 2391 4064 Ferre
2401 4016 2511 4078 plus
2523 4014 2661 4061 dinti-

201 4076 307 4122 vini
330 4076 466 4121 seru
497 4088 585 4134 eet,
621 4087 671 4124 ut
692 4079 839 4125 habet
859 4079 1040 4125 Plinius
1069 4078 1149 4125 lib.
1173 4093 1271 4127 xxv.
1293 4094 1400 4138 cap.
1460 4079 1579 4128 dicati
1592 4079 1757 4128 mensis
1769 4078 1962 4134 cibaria,
1964 4077 2097 4141 serre
2111 4078 2272 4140 siquid
2286 4078 2336 4125 ὄπ
2352 4092 2484 4125 mun
2501 4075 2662 4135 velint,

178 4139 283 4184 23.
349 4137 450 4184 Ῑωὸ
470 4146 519 4185 et
554 4139 745 4188 Celtic-2
783 4157 908 4189 nnuc
946 4141 1160 4188 maxima
1194 4155 1326 4201 pars,
1347 4149 1402 4187 ut
1450 4143 1582 4204 ferre
1601 4142 1803 4190 vauum:
1834 4156 1962 4196 nam,
1996 4145 2189 4194 mutua,
2216 4139 2446 4201 ςὶαάὁυπι,
2474 4137 2662 4198 galeam

199 4200 435 4246 videmus.
1462 4219 1556 4256 non
1573 4203 1685 4266 plus
1695 4207 1944 4275 numerant
1952 4201 2094 4266 quam
2106 4201 2331 4255 naama,
2344 4201 2549 4255 Ιαοενίω,
2562 4213 2662 4250 ιω·

266 4262 340 4309 17.
377 4260 559 4324 Sabin]
594 4263 747 4323 Sabis,
769 4265 820 4313 la
837 4266 1042 4313 δακών-ε.
1461 4279 1568 4323 πω,
1594 4280 1696 4328 quae
1720 4264 1902 4326 ιιυίιίαπ
1924 4269 1991 4337 :fo
2021 4263 2252 4324 'gu-untur
2281 4258 2403 4323 apte,
2426 4266 2473 4308 ut
2495 4260 2538 4308 si
2553 4275 2665 4309 ms

258 4325 336 4369 26.
372 4323 545 4372 Locum
585 4326 742 4374 castris
786 4326 1038 4388 Momm]
1074 4327 1260 4385 Nempe
1301 4327 1398 4373 sru-
1447 4325 1801 4399 ferjatmeectt‘s
1819 4322 2662 4385 onenbm‚ezpeoeitisannis‚utmm-
2745 4333 2752 4342 '

198 4387 499 4444 mutationi,
541 4390 855 4448 pabulationi,
890 4389 1157 4449 aquadoni,
1198 4389 1398 4436 militum
1462 4390 1552 4437 bru
1589 4401 1801 4451 pugnam
1839 4388 2027 4451 pum.
2091 4385 2192 4432 luno
2223 4386 2482 4444 aliqnando
2527 4400 2660 4433 men·-

198 4448 476 4504 valetudini,
511 4452 594 4496 sed
617 4450 853 4510 praecipue
871 4452 1078 4498 victoriae
1096 4459 1276 4510 aptum.
1461 4461 1646 4499 stt-num
1682 4451 1840 4498 cibum
1879 4452 2113 4504 ferebant,
2143 4457 2197 4493 ut
2231 4446 2390 4495 Livius
2418 4450 2559 4495 docet
2580 4449 2661 4497 lib.

258 4511 335 4556 32.
370 4510 608 4560 Ham-sub
628 4511 821 4560 sarcinis
840 4512 1050 4573 adoriri]
1090 4514 1228 4566 Quod
1252 4513 1400 4560 maxi-
1463 4529 1564 4563 ιη.
1635 4513 1821 4568 Consul,
1861 4516 2140 4560 numu-uum
2170 4509 2302 4573 jum
2332 4509 2481 4560 milite
2509 4524 2662 4561 num

198 4586 330 4618 mum
353 4573 709 4623 incommodum
743 4581 863 4621 erat.
923 4575 1090 4634 ltaque
1120 4576 1292 4636 legitur
1321 4576 1400 4626 lib.
1451 4575 1601 4640 sun,
1613 4572 2158 4640 postolacione&
2175 4571 2266 4622 ἃ,

200 4647 234 4680 r.
255 4635 317 4681 de
338 4635 465 4683 bello
479 4636 634 4688 civili:
676 4635 821 4686 Ver-iti
839 4650 900 4687 ne
918 4641 1059 4690 noda
1076 4636 1402 4701 impedimen&
