3059 5050
352 284 471 347 146

1093 271 1217 337 DE
1261 270 1569 337 BELLO
1610 268 2004 337 GALLICO

431 439 668 491 nostros
713 444 819 505 spe
848 420 1058 487 auxilii
1087 420 1507 487 confirmabat.
1594 416 1877 485 Tandem
1908 416 2199 479 Germani
2241 417 2319 479 ab
2346 417 2565 478 dextro
2593 417 2803 494 lata-e,

435 529 732 579 summum
751 510 971 589 jugum
1013 507 1193 584 nacti,
1225 509 1424 571 hostes
1451 504 1591 568 loco
1630 503 1976 588 depelluntz
2019 501 2315 583 fugientes
2346 522 2532 583 usque
2562 504 2643 565 ad
2689 503 2807 564 fln-

432 617 592 671 men,
618 594 721 656 ubi
747 590 1211 674 Vercingetorix
1239 612 1376 655 cum
1408 590 1782 674 pedestribus
1809 588 2002 672 copiis
2030 586 2403 664 consederat,

434 695 550 757 tur,
591 677 1050 761 compluresque
1078 675 1462 739 interficiunt.
1549 674 1693 757 Quis
1736 695 1800 736 re
1844 671 2282 748 animadversa,
2312 670 2527 755 reliqui

2648 608 2804 650 uun-

2508 673 2548 749 ',
2578 694 2655 734 ne
2684 675 2806 735 cir-

354 770 393 835 5
436 764 919 829 cumvenirentur
961 762 1154 839 veriti,
1202 782 1263 823 se
1314 761 1479 841 sugae
1525 760 1838 825 mandant.
1925 756 2228 821 Omnibus
2275 755 2422 817 locis
2468 756 2539 818 fit
2582 758 2806 820 coedes.

434 844 594 913 Tres
622 846 978 911 nobilissimi
1001 844 1190 909 AEdui
1209 846 1369 930 capti
1395 846 1472 909 ad
1504 844 1815 909 caesarem
1845 843 2291 927 perducuntur3
2334 840 2528 904 Cotus
2552 843 2808 926 proefec-

438 949 533 999 tus
556 935 842 1017 equitum,
873 932 978 1014 qui
1023 932 1491 995 controversiam
1534 951 1671 992 cum
1704 927 2196 992 Convictolitane
2224 929 2517 1012 proximis
2544 926 2810 989 comitiis

438 1020 771 1097 habuerat3
814 1030 875 1080 et
903 1015 1268 1093 Cavarillus,
1318 1018 1441 1096 qui,
1487 1030 1625 1100 post
1664 1014 2057 1077 defectionem
2102 1011 2403 1089 Litavici,

2435 1012 2813 1095 pedestribus

439 1106 631 1187 copiis
659 1102 987 1187 praefuerat
1004 1124 1023 1180 3
1067 1114 1127 1164 et
1153 1099 1565 1185 Eporedorix,
1613 1121 1734 1181 quo
1778 1100 1952 1175 duce,
1996 1111 2133 1161 ante
2164 1097 2486 1160 adventum
2516 1096 2812 1173 Caesaris,

363 1188 630 1253 loAEdui
662 1209 798 1249 cum
832 1186 1131 1268 Sequanis
1165 1185 1321 1248 bello
1363 1186 1815 1247 contenderant.

532 1270 836 1335 LXVIII.
855 1270 1116 1352 ‚Fugato
1158 1271 1324 1333 omni
1364 1271 1654 1351 equitatu,
1690 1268 2148 1350 Vercingetorix
2176 1267 2386 1352 copias
2414 1288 2573 1344 suas,
2604 1282 2671 1329 ut
2697 1287 2817 1351 pro

447 1359 657 1422 castris
688 1357 1110 1432 collocaverat,
1141 1356 1420 1433 reduxit3
1462 1354 1854 1453 protinusque
1894 1353 2179 1429 Alesiam,
2210 1353 2375 1452 quod
2404 1366 2495 1414 est
2520 1353 2815 1436 oppidum

439 1440 939 1517 Mandubiorum,
971 1444 1081 1515 iter
1110 1441 1308 1524 facere
1333 1453 1550 1524 coep1t3
1593 1440 1980 1535 celeriterque
2025 1439 2108 1501 im

2392 1451 2456 1500 ta
2482 1458 2561 1500 ex
2603 1438 2819 1499 castris

444 1528 640 1605 educi,
683 1540 742 1589 et
785 1547 846 1588 se
886 1526 1167 1608 subsequi
1197 1524 1397 1607 Jussit.
1486 1523 1721 1601 Caesar,
1751 1523 2191 1607 impedimentis
2218 1522 2284 1585 in
2310 1524 2657 1607 proximum
2686 1523 2821 1585 col·-

366 1613 560 1691 lblcm
593 1612 886 1687 deducti5‚
916 1610 1270 1693 duabusque
1309 1610 1654 1707 legionibus
1684 1608 1969 1693 praesidio
2006 1607 2245 1684 relictis,
2277 1621 2583 1690 sequutum
2624 1628 2823 1689 quan-

446 1711 573 1761 tum
598 1697 717 1759 diei
742 1710 975 1779 tempus
998 1710 1086 1759 est

1114 1716 1375 1778 passum,
1406 1695 1642 1757 circiter
1672 1716 1773 1757 111.
1806 1694 2065 1755 millibus
2095 1693 2353 1755 bostium
2383 1714 2462 1756 ex
2491 1691 2824 1754 novissimo

447 1783 692 1865 agmine
715 1780 1057 1856 interfectis,
1089 1780 1279 1843 altero
1302 1781 1398 1842 die
1429 1780 1507 1843 ad
1536 1779 1805 1841 Alesiam
1828 1794 2029 1840 castra
2050 1777 2207 1840 fecit.
2292 1776 2622 1861 Perspecto
2653 1778 2823 1840 urbis

449 1867 584 1946 situ,
614 1865 1058 1950 perterritisque
1105 1866 1393 1941 hostibus,
1426 1864 1590 1946 quod
1622 1864 1910 1946 equitatu,
1941 1862 2062 1944 quit
2089 1863 2357 1925 maxime
2388 1876 2558 1946 parte
2584 1863 2825 1925 exerci-

448 1953 544 2015 tiis
574 1951 982 2028 confidebant,
1012 1966 1182 2013 erant
1227 1951 1384 2034 pulsi
1394 1972 1414 2028 3
1459 1950 1813 2013 adhortatus
1842 1949 1922 2011 ad
1968 1949 2237 2010 laborem
2268 1947 2502 2025 milites,
2548 1947 2822 2009 Alesiam

365 2036 910 2101 20circumvallare
936 2034 1206 2099 instituit.

533 2118 776 2183 LXIX.
821 2119 1028 2217 Ipsum
1072 2132 1203 2181 erat
1229 2120 1522 2216 opp-idum
1554 2117 1616 2181 in
1645 2117 1800 2181 colle
1828 2139 2084 2196 summo,
2109 2118 2438 2180 admodum
2468 2117 2633 2179 edito
2660 2117 2825 2193 loco,

448 2219 517 2269 ut
540 2205 651 2266 nisi
683 2204 996 2266 obsidione
1023 2224 1364 2286 expugnari
1402 2224 1524 2265 non
1555 2224 1734 2287 posse
1755 2203 2075 2265 videretur.

2164 2202 2359 2284 Cujus
2388 2202 2560 2264 collis
2588 2203 2826 2265 radices

451 2290 574 2352 duo
602 2289 837 2351 duabus
866 2308 944 2349 ex
976 2288 1248 2370 partibus
1279 2288 1528 2353 flumina
1570 2288 1945 2351 subluebant.
2031 2288 2193 2350 Ante
2221 2288 2512 2370 oppidum
2545 2287 2828 2371 planities

429 2374 691 2445 ,circiter
747 2372 939 2435 millia
985 2392 1272 2457 passuum
1319 2393 1420 2435 111.
1467 2373 1529 2435 in
1576 2370 2016 2454 longitudinem
2068 2374 2331 2456 patebat.
2418 2370 2699 2454 Reliquis
2748 2394 2831 2435 ex

368 2457 733 2524 250mnibus
778 2459 1050 2542 partibus
1101 2456 1305 2535 colles,
1358 2457 1649 2521 mediocri
1696 2457 2006 2540 interjecto
2052 2458 2271 2542 spatio,
2315 2458 2447 2541 pari
2494 2457 2830 2519 altitudinis

452 2544 694 2627 fastigio
724 2543 1016 2627 oppidum
1046 2543 1392 2624 cingebant.
1468 2543 1599 2606 Sub
1630 2565 1823 2621 muro,
1855 2565 1993 2625 quae
2022 2565 2162 2628 pars
2191 2543 2365 2606 collis
2410 2544 2488 2605 ad
2533 2543 2831 2606 orientem

454 2631 785 2718 spectabat,
835 2630 993 2691 bunc
1041 2648 1280 2690 omnem
1319 2628 1520 2690 locum
1563 2630 1761 2712 copiae
1808 2627 2125 2692 Gallorum
2174 2628 2660 2712 compleverant3
2706 2628 2832 2690 fos-

337 2715 352 2722 ’
455 2737 722 2798 samque,
753 2728 812 2775 et
843 2715 1166 2776 maceriam
1199 2734 1304 2775 sex
1343 2713 1406 2775 in
1451 2714 1823 2778 altitudinem
1869 2715 2091 2797 pedum
2136 2715 2586 2797 praeduxerant.
2673 2712 2835 2796 Ejus

457 2801 826 2877 munitionis,
875 2819 1014 2880 quae
1063 2799 1140 2859 ab
1187 2797 1486 2860 Romanis
1530 2799 1968 2875 instituebatur,
2013 2798 2298 2862 circuitus
2342 2820 2428 2861 xi.
2460 2798 2648 2861 millia
2690 2820 2835 2882 pas-

373 2888 627 2950 3osuum
661 2886 921 2948 tenebat.
1012 2882 1235 2946 Castra
1286 2884 1643 2966 opportunis
1672 2884 1821 2946 locis
1863 2899 2034 2946 erant
2063 2885 2298 2968 posita:
2349 2883 2556 2967 ibique
2582 2884 2837 2946 castella

457 2992 645 3034 xxiii.
673 2971 852 3046 t'acta,
883 2971 946 3032 in
972 2970 1190 3052 quibus
1219 2967 1479 3032 interdiu
1510 2968 1792 3032 stationes
1839 2969 2331 3052 disponebantur,
2378 2990 2454 3031 ne
2483 2990 2605 3050 qua
2632 2969 2833 3031 subito

455 3055 713 3139 irruptio
742 3054 930 3118 fieret.
1019 3051 1180 3116 Haec
1207 3054 1420 3124 eadem
1467 3067 1653 3118 noctu
1697 3054 2148 3120 excubitoribus
2197 3076 2268 3116 ac
2298 3054 2487 3116 firmis
2531 3052 2833 3137 presidiis

458 3143 833 3204 tenebantur.

475 3281 484 3288 .
543 3222 748 3287 LXX.
805 3223 1009 3309 Opere

1055 3224 1347 3302 instituto,
1379 3225 1448 3285 fit
1492 3237 1764 3305 equestre
1807 3224 2085 3308 proelium
2130 3225 2194 3287 in
2231 3224 2304 3287 es
2330 3224 2601 3309 planitie,
2646 3245 2833 3307 quam

374 3309 856 3391 35intermissam
889 3309 1146 3371 collibus
1173 3325 1272 3370 ιιι.
1308 3308 1558 3369 millium
1608 3330 1891 3392 passuum
1924 3311 1986 3374 in
2014 3309 2453 3391 longitudinem
2483 3324 2691 3393 patere
2734 3331 2840 3372 su-

459 3394 574 3478 pra
603 3393 1159 3454 demonstravimus·

1250 3392 1504 3454 Summa
1533 3394 1589 3453 vi
1622 3395 1700 3455 ab
1732 3395 1997 3476 utrisque
2024 3395 2424 3458 contenditur.
2511 3393 2843 3458 Laboran-

458 3478 615 3541 tibus
647 3477 864 3538 nostris
897 3474 1112 3539 Caesar
1145 3476 1483 3538 Germanos
1514 3477 1827 3554 submittit,
1858 3480 2243 3561 legionesque
2281 3500 2394 3563 pro
2434 3481 2647 3542 castris
2690 3501 2843 3542 con-

458 3561 664 3639 stituit,
724 3581 799 3622 ne
854 3582 975 3642 qua
1023 3559 1222 3624 subito
1281 3562 1537 3646 irruptio
1586 3563 1665 3625 ab
1714 3564 1973 3632 hostium
2015 3565 2287 3648 peditatu
2316 3565 2441 3627 fiat.
2528 3563 2843 3628 Presidio

438 3692 480 3738 ¹.
512 3688 719 3736 Tmiem
736 3687 997 3749 Germana]
1033 3687 1216 3747 Ubique
1233 3689 1461 3735 Germani
1481 3688 1576 3735 Ro·

373 3755 527 3804 manis
558 3752 741 3802 initium
773 3750 992 3797 vincendi
1019 3752 1249 3798 fecerunt.
1317 3751 1440 3798 Dion
1463 3766 1578 3798 vero

373 3814 814 3876 Vercingetorigem
831 3812 877 3857 in
903 3827 960 3858 eo
985 3813 1156 3859 salsum
1174 3829 1277 3860 esse
1300 3814 1430 3869 dicit,
1449 3812 1576 3872 qubd

373 3893 471 3925 non
502 3877 744 3937 cogitabat
782 3875 1047 3923 Germanos
1079 3890 1186 3920 cum
1221 3875 1448 3922 Romanis
1471 3890 1575 3924 esse

376 3941 673 4002 conjunctos,
696 3938 775 3994 qui
799 3937 950 3984 aciem
973 3952 1105 3984 suam
1130 3945 1371 3997 ruperunt.
1424 3939 1574 3986 Nimi-

377 4001 485 4051 rum
524 4001 647 4048 inter
677 4000 920 4048 Romanos
943 4014 1066 4056 saepe
1091 4009 1300 4048 versatus
1322 4016 1418 4048 non
1441 3999 1575 4062 igno-

377 4068 534 4119 rabat,
601 4071 797 4109 uantum
835 4062 906 4108 sui
945 4062 1070 4108 Galli
1117 4062 1340 4109 Romanis
1383 4072 1576 4121 prasta-

378 4136 500 4174 rent.
622 4127 680 4173 ed
724 4125 953 4188 Germani
995 4123 1053 4171 es
1096 4133 1377 4183 tempestate
1427 4125 1578 4172 Gallis

379 4198 516 4236 erant
535 4188 770 4243 fortiores,
792 4196 842 4233 nt
864 4186 1021 4234 multis
1038 4187 1154 4234 locis
1178 4187 1340 4234 Caesar
1362 4195 1577 4235 testatur.

439 4253 484 4297 2.
502 4250 754 4312 Fugientes
774 4262 913 4311 usque
937 4247 1001 4296 ad
1017 4249 1239 4311 flantem]
1306 4247 1399 4295 Dio
1434 4252 1581 4296 refert

377 4311 836 4374 Vercingetorigem,
869 4310 1061 4358 Caesare
1094 4314 1317 4370 despecto
1351 4314 1412 4358 ob
1434 4313 1577 4359 detri-

375 4383 558 4430 menta,
579 4389 682 4433 quse
701 4375 738 4420 is
756 4383 1025 4432 acceperat,
1051 4374 1383 4434 Allobrogibus
1405 4375 1579 4421 bellum

375 4435 553 4482 inferre
575 4437 812 4496 statuisse,
833 4437 1074 4483 Caesarcm
1092 4436 1148 4482 iis
1170 4437 1347 4482 auxilio
1368 4437 1580 4496 proticis-

376 4505 580 4552 centem,
605 4498 651 4542 in
677 4498 737 4544 Se
775 4500 906 4545 uanis
941 4499 1286 4557 deprehensum
1318 4500 1578 4545 circumde-

377 4557 518 4604 disse.
543 4556 715 4602 Verum
774 4561 1109 4620 ercingetorigi
1129 4556 1270 4620 longe
1286 4560 1420 4607 secus
1434 4560 1577 4621 quam

379 4618 646 4665 instituerat
669 4621 917 4665 accidisse.-
954 4637 1063 4667 nam
1099 4637 1192 4668 non
1216 4623 1359 4669 modo
1390 4623 1578 4668 cladem

365 4677 558 4734 mulium
580 4676 808 4725 Rom-nis
829 4679 1067 4740 muniam
1101 4683 1262 4729 verum
1295 4697 1378 4731 eos
1408 4684 1575 4744 despe-

1640 3690 1823 3737 ratione
1844 3690 2008 3738 salutis
2030 3692 2094 3737 ad
2125 3690 2450 3738 fortitudinem
2478 3690 2741 3751 impulisse,
2773 3692 2843 3751 ip·

1639 3767 1837 3811 sumque
1858 3753 2123 3800 temeritate
2145 3767 2249 3808 sua,
2279 3752 2389 3812 quii
2420 3753 2710 3801 mdumdini
2733 3770 2847 3801 sue·

1639 3829 1744 3860 rum
1767 3818 2052 3871 confidebat,
2074 3817 2389 3862 succubuisse.

1706 3878 1777 3924 12.
1790 3878 2009 3925 Alesioen.
2050 3876 2225 3932 Alesia,
2237 3876 2381 3932 alise,
2396 3878 2465 3925 sic
2478 3877 2661 3935 melisa,
2675 3892 2843 3937 qum·

1638 3955 1782 4000 quam
1812 3941 1984 3988 Alexis
2052 3939 2289 3999 plerisque
2321 3940 2568 3988 scribetur.
2632 3941 2845 3988 Velleius

1640 4002 1935 4060 Patet-culus,
1966 4003 2046 4050 lib.
2073 4017 2138 4049 n.
2160 4003 2302 4063 hujus
2332 4002 2594 4050 obsidionis
2625 4004 2846 4050 metti-it

1640 4065 1713 4112 bis
1735 4067 1917 4112 verbis:
1962 4063 2098 4114 eima
2133 4064 2340 4113 Alesiam
2369 4070 2512 4114 tarne
2544 4079 2618 4113 rea
2645 4071 2849 4138 quarum

1639 4126 1809 4236 adera
1830 4126 1911 4173 via:
1930 4125 2146 4182 Ιιοηιίηὺ,
2159 4125 2379 4190 perticere
2393 4141 2515 4191 pens
2534 4127 2734 4185 mum,
2755 4126 2849 4175 nisi

1717 4209 1729 4232 ι
1780 4188 1912 4236 uerit.

1641 4311 1709 4358 flu
1799 4249 1949 4313 Cujus
1961 4250 2089 4297 collis
2102 4249 2293 4309 radim,
2306 4251 2416 4314 ἔω]
2436 4253 2852 4300 LutosaetOsen.

1708 4327 1786 4358 vn.

1702 4373 1914 4430 ffiame
1935 4373 2174 4437 oppidum,
2196 4374 2303 4439 δια]
2337 4378 2426 4426 Vel
2445 4378 2538 4426 hoe
2559 4392 2622 4425 ex
2642 4378 2754 4424 loco
2776 4377 2854 4424 in-

1641 4435 1868 4496 telligitus
1909 4437 2093 4484 leucam
2137 4447 2351 4487 nostum
2403 4449 2609 4499 quatuos·
2636 4439 2854 4487 duita-

1641 4513 1865 4557 passuum
1890 4498 2176 4548 Caesarianis
2190 4502 2478 4557 constitisse,
2496 4503 2645 4549 modi>
2664 4517 2765 4549 nen
2786 4503 2855 4550 ἀί

1639 4574 1772 4607 error
1801 4561 1847 4607 in
1870 4561 2093 4608 numeris,
2155 4562 2325 4611 Tribus
2348 4565 2473 4611 enim
2496 4566 2639 4612 hodie
2661 4565 2711 4611 ‘m
2742 4566 2852 4611 lun-

1638 4621 1900 4681 gitudinem
1924 4623 2068 4668 leucae
2089 4626 2431 4682 quadrantibus
2453 4635 2606 4687 patet,
2626 4636 2681 4674 ut
2694 4627 2869 4688 lomi-v

1639 4698 1762 4743 mur,
1783 4683 1866 4734 illa
1886 4684 2123 4744 planities.
