3059 5050
423 276 553 339 252
1259 264 1383 330 DE
1428 264 1733 331 BELLO
1777 264 2056 331 clvlm

510 419 803 495 trabatur,
833 414 1035 481 delata
1064 414 1338 493 Oricum,
1372 429 1551 497 atque
1581 416 1620 477 a
1646 413 1876 477 Bibulo
1905 425 2263 499 expugnata
2289 426 2415 475 est:
2460 412 2564 496 qui
2592 412 2673 477 de
2702 413 2892 479 servis

512 503 833 585 liberisque
876 503 1154 563 omuibus
1184 502 1259 563 ad
1293 502 1632 583 impuberes
1675 500 2036 584 supplicium
2069 500 2269 575 sumit,
2292 512 2352 561 et
2381 498 2459 560 ad
2489 521 2673 563 unum
2705 501 2892 563 inter-

513 589 673 651 fecit.
736 587 877 663 lta,
918 586 1142 668 exiguo
1192 601 1479 669 tempore,
1512 606 1740 667 magno
1769 606 1915 647 casu
1958 584 2139 647 totius
2184 584 2484 647 exercitus
2532 583 2696 653 salus
2741 606 2892 647 con·

516 688 682 737 stitit.

433 763 471 820 5
602 756 746 821 XV.
794 754 1075 831 Bibulus,
1125 769 1189 818 ut
1219 776 1404 840 supra
1449 754 1926 817 demonstratum
1955 770 2062 831 est,
2091 766 2222 816 erat
2249 774 2386 815 cum
2415 753 2607 816 classe
2637 753 2718 816 ad
2749 753 2893 817 Ori-

515 865 651 906 cum
677 864 692 904 :
737 856 814 918 et,
847 844 999 903 sieut
1030 842 1181 902 mari
1212 843 1624 925 portubusque
1654 838 1966 903 Caesarem
2014 839 2396 922 prohibebat,
2441 838 2526 900 ita
2569 840 2698 937 ipse
2727 840 2890 902 omni

517 929 673 991 terra
700 948 906 989 earum
937 927 1255 1008 regionum
1287 925 1742 1009 prohibebatur.
1810 924 2126 987 Praesidiis
2148 925 2308 986 enim
2334 923 2661 1007 dispositi8‚
2689 924 2892 987 omnia

515 1013 718 1075 littora
747 1013 785 1074 a
815 1010 1066 1075 Coesare
1096 1012 1489 1087 tenebantur3
1543 1031 1737 1092 neque
1783 1010 2078 1093 lignandi,
2125 1030 2318 1092 neque
2361 1009 2650 1091 aquandi,
2699 1032 2891 1091 neque

516 1098 700 1160 nave's
748 1097 827 1159 ad
859 1110 1077 1159 terram
1107 1095 1428 1177 religandi,
1460 1108 1726 1179 potestas
1755 1094 1956 1159 fiebat.
2043 1092 2202 1156 Erat
2246 1115 2340 1157 res
2388 1096 2450 1155 in
2483 1095 2712 1176 magni
2737 1095 2891 1158 diffi-

439 1182 766 1245 lOcultate:
798 1184 1163 1263 summisque
1192 1182 1486 1262 angustiis
1516 1201 1715 1242 rerum
1742 1181 2211 1242 necessariarum
2239 1180 2698 1262 premebantur-3
2741 1180 2890 1242 adeo

516 1284 584 1329 ut
633 1281 1014 1349 cogerentur,
1064 1266 1238 1331 sicuti
1287 1265 1584 1347 reliquum
1629 1280 2055 1343 commeatum,
2103 1266 2189 1326 ita
2231 1264 2401 1346 ligna
2447 1278 2627 1345 atque
2672 1287 2892 1346 aquam

515 1351 797 1434 Corcyra
824 1354 1077 1413 navibus
1101 1351 1393 1413 onerariis
1419 1367 1777 1434 supportare
1801 1371 1817 1411 ε
1863 1364 2041 1432 atque
2074 1371 2194 1411 uno
2224 1350 2404 1411 etiam
2432 1363 2705 1432 tempore
2735 1351 2894 1413 acci-

516 1438 623 1515 dit,
658 1452 722 1499 ut
745 1436 1184 1499 difficilioribus
1216 1438 1304 1497 usi
1336 1436 1810 1518 tempestatibuS,
1854 1456 1933 1497 ex
1963 1434 2240 1518 pellibus,
2270 1434 2489 1516 quibus
2517 1450 2693 1497 erant
2721 1450 2894 1497 tectae

515 1544 718 1599 naveS,
750 1537 1112 1585 nocturnum
1143 1520 1425 1603 excipere
1452 1541 1652 1582 rorem
1677 1536 2070 1602 cogerentur:
2109 1542 2259 1602 quas
2283 1535 2483 1582 tamen
2515 1519 2896 1583 difficultates

399 1602 409 1611 ’
439 1608 812 1691 l5patienter
852 1622 911 1668 et
941 1628 1122 1689 aequo
1153 1598 1356 1668 auimo
1386 1604 1699 1683 serebaut3
1743 1626 1936 1688 neque
1965 1605 2078 1667 sibi
2117 1605 2406 1667 nudanda
2438 1604 2642 1667 littora
2671 1620 2734 1669 et
2761 1605 2896 1668 reli-

516 1693 789 1776 queuclos
820 1708 1028 1775 portus
1057 1691 1505 1753 existimabant.
1578 1689 1703 1753 Sed
1729 1712 1914 1773 quum
1939 1705 2135 1753 essent
2157 1691 2220 1752 in
2245 1690 2461 1771 quibus
2485 1690 2894 1752 demonstravi

517 1778 833 1859 angustiis,
866 1799 937 1839 ac
970 1799 1031 1838 se
1080 1772 1242 1837 Libo
1290 1797 1429 1838 cum
1475 1773 1707 1837 Bibulo
1752 1775 2203 1857 conjunxisset3
2247 1775 2574 1856 loquuntur
2602 1777 2795 1837 ambo
2825 1798 2896 1838 ex

515 1864 770 1927 navibus
801 1884 940 1925 cum
970 1859 1061 1923 M.
1094 1861 1296 1923 Acilio
1326 1875 1385 1922 et
1416 1860 1615 1922 Statio
1661 1858 1884 1923 Murco
1913 1860 2149 1943 legatis,
2199 1880 2458 1942 quorum
2488 1859 2640 1922 alter
2689 1861 2896 1945 oppidi

517 1950 722 2025 muris,
756 1948 907 2017 alter
936 1947 1236 2031 praesidiis
1267 1947 1644 2009 terrestribus
1675 1960 1965 2029 praeerat3
2009 1944 2163 2007 velle
2210 1966 2274 2007 se
2304 1945 2380 2007 de
2409 1946 2694 2007 maximis
2725 1947 2898 2008 rebus

432 2040 654 2097 20cum
689 2033 940 2096 Caesare
970 2033 1158 2114 loqui,
1190 2032 1237 2093 si
1268 2031 1382 2093 sibi
1413 2031 1543 2113 ejus
1572 2031 1828 2095 facultas
1857 2031 2049 2094 detur.
2137 2029 2280 2093 Hoc
2324 2031 2555 2093 addunt
2584 2052 2792 2113 pauca
2817 2031 2896 2093 rei

517 2118 955 2183 confirmanda.-
984 2116 1219 2191 caussa,
1246 2130 1313 2177 ut
1357 2116 1434 2177 de
1480 2116 1923 2199 compositione
1970 2115 2161 2178 acturi
2202 2114 2562 2177 viderentur.
2652 2113 2898 2178 Interim

516 2203 844 2289 postulant,
894 2214 959 2262 ut
997 2201 1115 2263 sint
1161 2200 1465 2278 inducioe3
1510 2214 1689 2282 atque
1722 2201 1802 2262 ab
1847 2201 1920 2261 iis
1949 2200 2293 2284 impetrant.
2378 2198 2686 2281 Magnum
2717 2202 2894 2276 enim,

516 2288 681 2371 quod
733 2286 1081 2362 afferebant,
1128 2285 1477 2363 videbatur3
1520 2299 1581 2347 et
1611 2282 1922 2347 Caesarem
1954 2286 2018 2348 id
2062 2285 2296 2347 summi:
2347 2286 2622 2348 sciebant
2650 2307 2895 2369 eupere3

516 2390 576 2435 et
649 2371 939 2434 rosectum
983 2369 1214 2453 aliquid
1260 2369 1473 2437 Bibuli
1504 2371 1806 2434 mandatis
1835 2371 2314 2434 existimabatur.
2660 2401 2668 2409 ·

430 2461 513 2521 25
601 2395 782 2520 {VL
828 2455 1048 2519 Caesar
1076 2478 1151 2518 eo
1182 2468 1450 2540 tempore
1479 2477 1619 2517 cum
1652 2455 1892 2540 legione
1929 2455 2052 2519 una
2081 2456 2383 2540 profectus
2413 2455 2492 2518 ad
2523 2454 2896 2541 recipiendas

515 2543 828 2606 ulteriores
875 2543 1168 2619 civitates,
1197 2555 1258 2604 et
1305 2563 1428 2606 rem
1475 2541 1930 2622 frumentariam
1976 2543 2440 2626 expediendam,
2485 2542 2610 2624 quii
2639 2544 2894 2625 anguste

514 2631 813 2704 utebatur,
844 2641 976 2690 erat
1004 2629 1084 2692 ad
1113 2625 1502 2704 Buthrotum,
1529 2630 1875 2711 oppositum
1906 2626 2072 2690 Corc
2119 2649 2228 2690 rae.
2302 2626 2397 2689 lbi
2423 2629 2501 2689 ab
2531 2628 2740 2702 Aciliq
2771 2649 2896 2689 cer·

516 2712 636 2776 tior
664 2727 723 2774 et
752 2710 974 2774 Murco
1005 2733 1112 2795 per
1140 2711 1367 2773 litteras
1398 2711 1592 2774 sactus
1616 2713 1692 2774 de
1721 2713 2036 2796 postulatis
2128 2713 2326 2775 'bonis
2356 2725 2414 2775 et
2441 2711 2677 2790 Bibuli,
2709 2713 2897 2795 legio-

516 2820 652 2861 nem
686 2798 836 2860 reliu
883 2797 1005 2876 uit3
1050 2797 1177 2881 ipse
1208 2795 1463 2858 Oricum
1497 2799 1829 2860 revertitur.
1919 2796 2019 2860 Εὸ
2051 2819 2236 2880 quum
2263 2798 2540 2875 venisset,
2565 2813 2896 2860 evocantur

434 2884 603 2947 soilli
635 2884 713 2946 ad
759 2906 833 2946 co
882 2884 1152 2966 oquium.
1239 2880 1461 2946 Prodit
1507 2881 1691 2959 Libo,
1741 2895 1920 2966 atque
1966 2896 2219 2946 excusat
2267 2882 2584 2961 Bibulum,
2633 2884 2798 2966 quod
2849 2884 2896 2945 is

518 2969 833 3033 iracundia
884 2967 1120 3031 summa
1168 2982 1318 3044 erat,
1374 2968 1835 3052 inimicitiasque
1887 2969 2151 3031 habebat
2203 2968 2384 3030 etiam
2440 2970 2709 3052 privatas
2761 2989 2895 3031 cum

520 3055 774 3120 Caesare
820 3075 898 3117 ex
946 3054 1234 3117 aedilitate
1281 3067 1341 3116 et
1383 3054 1653 3137 praeturfi
1681 3069 2043 3137 conceptas:
2097 3055 2178 3115 ob
2208 3074 2342 3115 eam
2375 3074 2500 3115 rem
2533 3053 2894 3136 colloquium

512 3142 753 3218 vitasse,
774 3162 849 3204 ne
873 3162 966 3202 res
998 3140 1285 3202 maximae
1306 3140 1433 3222 spei
1460 3140 1865 3221 maximaeque
1887 3139 2177 3215 utilitatis»,
2204 3139 2330 3221 ejus
2354 3138 2691 3216 iracundia,
2712 3139 2897 3221 impe-

515 3227 806 3290 direntur.
895 3224 1177 3308 Pompeii
1226 3245 1522 3286 summam
1576 3245 1705 3286 esse
1757 3246 1829 3287 ac
1883 3224 2062 3286 fuisse
2114 3244 2348 3308 semper
2392 3223 2786 3301 voluntatem,
2833 3235 2897 3285 ut

498 3368 538 3412 1.
564 3366 733 3412 Delam
760 3363 988 3425 Oricum]
1046 3364 1178 3424 Ergo
1202 3373 1301 3411 erat
1328 3364 1376 3410 in
1401 3375 1637 3424 potestate
1702 3367 1946 3430 Corcyrae,
1978 3368 2006 3418 a
2038 3368 2132 3428 qua
2163 3384 2216 3418 ιι.
2241 3369 2446 3426 millibus
2477 3383 2706 3428 passuum
2739 3372 2898 3427 distat,

429 3427 664 3485 Pompeii,
687 3426 812 3485 quod
834 3437 883 3471 ut
912 3426 1157 3483 Appianas
1181 3435 1396 3484 testatur,
1412 3427 1441 3474 ὲ
1458 3428 1639 3476 Ces'nre
1701 3445 1827 3478 nunc
1852 3432 2085 3479 Ruti-into.

435 3492 591 3537 suerat
616 3490 860 3542 amissum,
886 3490 1098 3547 t‘orteque
1130 3504 1188 3533 eo
1222 3489 1411 3535 fueraut
1433 3492 1640 3551 decepti,
1763 3496 1839 3540 32.
1859 3494 1937 3541 Ex
1957 3495 2178 3542 aeda'lilale
2200 3499 2242 3541 ee
2256 3495 2468 3556 preeunt
2488 3496 2764 3558 coneptu]
2801 3495 2897 3543 lma

433 3553 563 3613 quod
584 3551 613 3600 it
638 3550 867 3621 Pompqio
892 3559 1134 3607 receptum
1157 3551 1461 3611 ignorabant.
1702 3564 1750 3602 et
1778 3571 1838 3603 ex
1861 3558 2129 3613 consulatu,
2150 3559 2210 3604 de
2232 3571 2328 3614 quo
2351 3557 2516 3603 Caesar
2553 3558 2674 3604 nibil
2693 3573 2894 3604 comme-

500 3618 571 3663 18.
604 3614 671 3663 Μ.
693 3612 842 3659 ,eciem
865 3616 905 3659 et
930 3612 1076 3659 Statio
1102 3614 1303 3676 Murco]
1373 3617 1632 3662 Aciliorum
1696 3629 1870 3677 morat,
1886 3634 1949 3666 ne
1966 3635 2062 3666 sule
2078 3634 2264 3679 quoque
2283 3620 2468 3680 injuriae
2484 3622 2771 3667 meminerit.
2825 3621 2897 3667 De

431 3695 549 3740 gens
573 3676 768 3726 Plebeia
788 3674 941 3720 divisa
962 3676 1049 3721 fuit
1072 3676 1119 3720 in
1143 3677 1261 3722 duas
1276 3677 1502 3733 familias,
1520 3680 1632 3726 Gla·
1685 3680 1901 3740 praeturi
1922 3683 2038 3728 nihil
2061 3695 2261 3740 usquam
2278 3691 2364 3728 est.
2408 3683 2483 3728 De
2503 3682 2733 3729 aedilitate
2755 3684 2895 3742 scrip·

430 3744 643 3789 lii-iorum
684 3747 734 3786 et
775 3738 1050 3792 Balbos-um,
1103 3739 1261 3785 multis
1309 3742 1634 3788 consulatibus
1697 3743 1758 3789 sit
1784 3745 2054 3800 Suetonius,
2089 3759 2234 3803 usque
2266 3742 2389 3791 adeo
2412 3745 2658 3792 Cesar-em
2690 3760 2895 3792 eommu-

430 3806 657 3862 triumphi
718 3816 777 3846 ue
797 3801 942 3846 clare.
1011 3800 1164 3847 Statia
1186 3816 1303 3860 gens
1326 3801 1507 3860 pariter
1530 3803 1635 3850 Ple·
1698 3806 1828 3852 unium
1865 3807 2187 3864 impensarum
2223 3807 2433 3867 gratiam
2474 3807 2679 3865 cepisse,
2714 3819 2769 3854 ut
2805 3823 2897 3854 non

428 3870 539 3916 beia
562 3868 664 3913 suit.
751 3866 792 3909 ic
812 3862 1018 3909 Caesaris
1041 3862 1228 3922 legatus
1252 3879 1351 3910 rem
1376 3866 1633 3914 fortissime
1696 3869 2016 3916 dissimularet
2048 3868 2240 3915 Bibulus
2272 3869 2359 3915 sibi
2390 3869 2606 3916 evenisse
2630 3872 2762 3928 quod
2793 3869 2896 3916 Pol·

429 3930 794 3987 felicissimeque
827 3927 988 3986 gessit.
1053 3924 1166 3972 Post
1198 3925 1302 3986 ejus
1336 3937 1537 3975 mortem
1569 3932 1633 3976 ad
1692 3929 1804 3978 luci.
1869 3931 1930 3977 Ut
1953 3931 2080 3977 enim
2167 3931 2308 3977 minis
2326 3932 2552 3980 fratribus
2572 3934 2700 3979 odes
2723 3933 2774 3979 in
2798 3934 2898 3978 foro

430 3995 628 4042 Brutum
667 3989 981 4046 Cassiumque
1019 3988 1253 4043 transivit,
1276 3988 1365 4035 illis
1400 3990 1536 4037 victis
1569 3993 1633 4040 ad
1694 3994 1954 4041 constituta
2004 4004 2087 4040 tau
2144 4009 2190 4040 m
2245 3993 2460 4041 Castoris
2513 4003 2790 4050 vocaretur,
2835 3994 2900 4041 ita

430 4058 631 4104 Sestum
653 4051 934 4109 Pompeium
956 4064 1065 4096 cum
1098 4051 1256 4097 multis
1289 4053 1487 4098 navibus
1525 4068 1631 4111 per·
1696 4070 1830 4101 suum
1848 4065 1896 4103 et
1913 4057 2118 4102 Caesaris
2137 4057 2506 4103 munificentiam
2531 4057 2672 4103 unius
2695 4056 2899 4103 Cesar-'a

426 4122 572 4168 venit.
638 4117 734 4163 Sed
769 4114 939 4161 Menas
971 4119 1018 4157 et
1052 4113 1370 4170 Menecrates,
1392 4115 1473 4172 qui
1503 4119 1632 4173 apud
1695 4117 1804 4164 dici.
1868 4119 2063 4165 Interim
2087 4128 2276 4164 notetur
2298 4133 2402 4165 mos
2438 4120 2665 4176 Cosaris,
2701 4120 2785 4177 qui
2816 4119 2901 4165 iui-

429 4184 582 4242 ipsum
616 4178 732 4227 nibil
768 4191 863 4224 non
900 4184 1103 4233 poteran
1128 4185 1139 4196 ’
1178 4175 1353 4222 havidis
1388 4179 1633 4236 commoti,
1696 4181 1845 4226 micos
1867 4195 1977 4227 suos
2000 4182 2285 4239 impotentes
2318 4181 2463 4228 animi
2496 4182 2648 4228 videri
2671 4182 2803 4237 velit,
2822 4195 2902 4227 αι·

429 4245 554 4304 ψιὸᾱ
579 4244 708 4302 apud
732 4242 882 4298 ipsum
907 4238 953 4282 in
976 4238 1072 4283 bon
1179 4246 1321 4296 esset,
1342 4249 1634 4287 curaverunt
1684 4241 1769 4302 jus
1785 4252 1946 4289 tamen
1967 4246 2143 4290 factum
2163 4244 2561 4290 modestissimum
2579 4245 2759 4305 legitur
2775 4245 2905 4302 apud

426 4307 598 4362 occidi,
630 4314 685 4352 ut
720 4303 865 4351 refert
905 4299 997 4346 Dio
1033 4301 1112 4347 lib.
1136 4312 1313 4349 xtvm.
1341 4309 1390 4348 et
1424 4302 1632 4350 Velleius
1698 4303 1853 4351 Valer.
1880 4306 2012 4353 Max.
2035 4307 2085 4352 in
2117 4307 2253 4352 titulo
2284 4309 2345 4353 de
2381 4307 2714 4354 moderatione
2753 4305 2904 4353 animi

426 4371 507 4416 lib.
525 4385 579 4417 n.
1693 4366 1774 4414 lib.
1798 4381 1866 4414 iv.
1882 4383 1990 4426 cap.
2011 4368 2052 4414 1.
2068 4367 2175 4414 σὺ»
2192 4369 2318 4418 enim
2341 4370 2545 4415 duorum
2568 4368 2675 4429 ejus
2690 4367 2908 4429 egregio

488 4432 566 4478 24.
584 4427 850 4491 Profectum
871 4424 1054 4489 aliquid
1074 4421 1499 4484 Bibult'mmidalis,
1517 4427 1627 4489 sm]
1695 4429 1866 4475 indolis
1889 4431 2091 4476 filiorum
2123 4431 2452 4478 interfectores
2485 4433 2548 4478 ad
2581 4447 2691 4478 eum
2714 4433 2908 4478 vincto·

430 4493 569 4538 Latet
589 4492 827 4538 mendum.
870 4490 1030 4543 Forte,
1050 4486 1302 4550 perficium
1318 4487 1378 4532 in·
1399 4489 1630 4536 existima-
1694 4492 1860 4551 regina
1878 4493 2140 4552 Cleopatra
2155 4494 2375 4550 misisset,
2400 4493 2641 4557 carnifices
2655 4509 2707 4540 sn
2819 4492 2833 4502 “
2875 4492 2889 4501 “

429 4555 565 4599 batur
586 4549 784 4610 aliquam,
807 4552 846 4596 si
878 4549 1073 4597 Bibulus
1095 4549 1445 4598 inimicissimus
1470 4552 1630 4599 Coesa·
1691 4555 1766 4600 rui
1791 4553 1998 4610 inductos,
2031 4554 2056 4602 ὲ
2097 4555 2282 4614 vestigio
2318 4555 2380 4601 ad
2418 4556 2716 4619 Cleopatram
2741 4554 2911 4603 rodeid

431 4617 494 4660 ris
518 4615 579 4658 ud
602 4626 770 4668 pacem
794 4612 1073 4670 Pompeium
1097 4612 1311 4657 hortatus
1334 4622 1472 4658 esset.
1680 4615 1839 4679 jussit,
1876 4616 2065 4664 dicendo
2098 4623 2363 4678 potestatem
2400 4617 2503 4680 ejus
2539 4617 2774 4674 Mida,
2805 4630 2909 4663 non

490 4675 569 4720 27.
593 4672 904 4730 Buthrotum]
939 4673 1180 4730 Oppidum
1204 4674 1339 4731 Epiri
1356 4676 1628 4732 oppositum
1689 4693 1839 4734 suam,
1857 4679 1937 4726 red
1955 4683 2140 4728 seruitus
2159 4693 2252 4727 esse
2280 4677 2456 4730 debore.
