3059 5050
809 248 936 315 DE
980 248 1286 315 BELLO
1330 247 1794 317 AFRICANO
1839 240 2160 318 LIBER.
2584 258 2713 324 ³83

249 414 398 478 rent,
421 412 822 483 urgerentque
841 399 905 461 iu
930 399 1244 484 oppidum.
1302 397 1638 482 Postquam
1664 397 1885 484 repulsi
1908 413 1968 462 et
1991 399 2248 482 conjecti
2272 412 2444 465 erant
2467 400 2629 467 intra

250 486 628 562 munitiones,
656 482 876 547 Caesar
904 484 1016 546 iter
1045 485 1432 549 coustitutum
1464 489 1551 546 ire
1580 484 1907 547 contendit.
1986 485 2167 569 Quod
2195 506 2378 568 quum
2405 489 2628 571 saepius

249 572 549 649 faceren13
602 583 663 632 et
707 568 893 631 modo
939 570 1405 652 insequerentur,
1453 568 1637 631 modo
1681 589 1884 631 rursus
1921 569 1998 632 ab
2029 570 2331 653 equitibus
2360 572 2420 635 iu
2452 574 2627 656 oppi-

248 656 389 719 dum
422 654 890 740 repellerentur:
934 654 1282 717 cohortibus
1329 653 1540 752 paucis
1568 675 1646 715 ex
1676 654 1992 731 veteraniS,
2025 676 2177 736 quas
2207 677 2410 719 secum
2441 657 2628 721 habe-

248 741 372 817 bat,
402 742 467 804 in
496 754 771 802 extremo
801 738 1043 820 agmine
1072 737 1402 813 collocatis,
1444 752 1506 799 et
1535 751 1704 820 parte
1731 739 2052 820 equitatus,
2083 738 2197 801 iter
2232 740 2444 804 leniter
2487 765 2625 806 cum
2668 748 2708 806 5

250 824 496 907 reliquis
540 823 741 887 facere
786 824 989 921 coepit.
1076 821 1191 898 Ita,
1223 832 1450 902 quanto
1489 820 1732 902 longius
1781 824 1860 885 ab
1907 844 1945 884 o
1991 823 2137 908 pido
2183 824 2626 907 discedebatur,

250 923 423 973 tanto
452 909 747 973 tardiores
777 908 853 971 ad
886 905 1314 989 insequendum
1343 919 1518 967 erant
1541 903 1603 967 N
1607 906 1854 970 umidae.
1977 909 2190 972 nterim
2221 909 2284 972 iu
2310 911 2521 974 itinere
2549 935 2628 976 ex

252 994 496 1079 oppidis
538 1007 597 1056 et
637 992 891 1056 castellis
922 991 1255 1073 legationes
1283 990 1508 1067 venire,
1543 990 1815 1074 polliceri
1847 990 2231 1071 frumentum,
2263 1010 2629 1079 paratosque

250 1100 400 1156 esse,
431 1099 570 1161 quoe
598 1074 961 1161 impetisset,
987 1076 1202 1138 facere.
1292 1072 1508 1158 Itaque
1536 1096 1611 1137 eo
1640 1075 1739 1138 die
1768 1089 1969 1139 castra
1995 1077 2197 1162 posuit
2225 1080 2302 1143 ad
2333 1081 2626 1165 oppidum

252 1163 388 1227 Rus
434 1164 593 1226 inam
620 1160 915 1225 Kalendis
947 1158 1204 1223 Januar.
2633 1172 2712 1231 10

334 1247 393 1309 V
426 1247 477 1311 1.
522 1246 675 1310 Inde
704 1246 913 1323 movit,
943 1259 1005 1309 et
1050 1246 1324 1328 pervenit
1351 1244 1429 1309 ad
1461 1245 1756 1329 oppidum
1788 1244 2012 1330 Leptin
2041 1245 2293 1311 liberam
2323 1249 2629 1315 civitatem

245 1348 306 1396 et
332 1334 679 1396 immunem.
769 1330 864 1393 Le
949 1332 995 1392 ti
1024 1352 1102 1393 ex
1144 1330 1377 1414 oppido
1407 1329 1655 1393 veniunt
1682 1331 1968 1409 obviam3
2011 1330 2265 1395 libenter
2310 1355 2373 1395 se
2419 1338 2631 1400 omnia

242 1418 527 1496 facturos,
580 1438 722 1501 quae
774 1438 849 1477 ve
894 1429 974 1492 et,
1029 1415 1411 1500 pollicentur.
1500 1413 1733 1563 ltaqge,
1786 1416 2238 1479 centurionibus
2291 1419 2368 1481 ad
2422 1437 2628 1504 portas

241 1504 474 1588 oppidi,
504 1517 565 1566 et
594 1502 886 1563 custodiis
915 1500 1231 1585 impositiS‚
1262 1522 1339 1563 ne
1365 1502 1500 1583 quis
1534 1500 1613 1563 mi
1749 1501 1812 1564 in
1859 1500 2152 1585 oppidum
2199 1503 2492 1581 introiret,
2523 1523 2629 1569 aut

238 1588 524 1671 injuriam
552 1587 776 1650 faceret
798 1585 1064 1671 cuipiam
1092 1586 1333 1663 incolae,
1360 1607 1482 1649 non
1513 1584 1700 1668 longe
1739 1587 1818 1649 ab
1848 1586 2078 1670 oppido
2106 1588 2432 1651 secundum
2465 1590 2709 1656 littus15

236 1673 387 1736 facit
408 1685 633 1735 castra.
720 1669 961 1734 Eodem
990 1692 1172 1733 naves
1196 1671 1495 1734 onerariae
1524 1684 1585 1733 et
1612 1670 1822 1753 longae
1851 1670 2164 1734 nonnunae
2192 1693 2336 1735 casu
2366 1674 2628 1740 advene·

238 1771 399 1821 runt.
490 1755 796 1838 Reliquae,
827 1770 895 1819 ut
921 1770 1010 1818 est
1050 1756 1106 1818 ei
1136 1756 1494 1833 nuntiatum,
1526 1755 1776 1818 incertoe
1804 1756 2099 1833 locorum,
2146 1753 2393 1820 Uticam
2423 1780 2630 1826 versus

238 1856 446 1927 petere
469 1840 622 1903 visae
652 1853 807 1903 sunt.
897 1839 1144 1903 Interim
1178 1839 1396 1903 Caesar
1422 1841 1462 1903 a
1491 1840 1644 1902 mari
1675 1861 1796 1903 non
1829 1840 2085 1923 digredi,
2116 1861 2310 1924 neque
2337 1841 2628 1908 Mediter-

239 1948 435 1991 ranea
486 1938 708 2010 petere,
760 1939 1011 2010 propter
1066 1925 1312 1988 navium
1370 1945 1675 1988 errorem:
1747 1926 2200 2008 equitatumque
2251 1926 2314 1990 in
2372 1930 2629 1994 navibus

238 2032 489 2075 omnem
534 2013 861 2087 continere,
894 2023 959 2073 ut
1001 2010 1280 2088 arbitror,
1324 2031 1400 2073 ne
1429 2010 1563 2092 agri
1602 2023 2018 2089 vastarentur;
2063 2032 2285 2092 aquam
2330 2012 2395 2075 iu
2443 2019 2712 2080 navem

225 2098 414 2181 jubet
442 2096 833 2180 comportari.
913 2094 1207 2178 Remiges
1236 2096 1494 2171 interim,
1524 2096 1630 2178 qui
1659 2110 1948 2179 aquatum
1979 2096 2015 2158 e
2047 2097 2304 2160 navibus
2331 2098 2625 2179 exierant,

240 2181 443 2261 subito
497 2180 725 2262 equites
764 2178 991 2258 Mauri,
1042 2202 1234 2263 neque
1276 2181 1668 2266 opinantibus
1715 2178 2108 2258 Caesarianis,
2157 2182 2353 2246 adorti
2403 2184 2627 2249 multos

224 2266 455 2350 jaculis
486 2265 1017 2344 convulneratum,
1046 2265 1373 2329 nonnullos
1401 2265 1842 2329 interfecerunt.
1942 2264 2166 2329 Latem
2193 2268 2353 2330 enim
2386 2269 2449 2332 in
2481 2270 2626 2333 insi·

238 2352 357 2415 diis
386 2372 524 2413 cum
557 2350 725 2433 equis
773 2350 928 2414 inter
972 2350 1299 2429 convalleS,
1342 2363 1406 2414 et
1449 2350 1647 2415 subito
1693 2351 1976 2430 existunt,
2007 2372 2132 2415 non
2180 2366 2248 2416 ut
2292 2353 2355 2417 in
2401 2375 2625 2441 campo

236 2437 514 2501 cominus
542 2437 913 2528 depugnent.
2623 2443 2705 2505 25

322 2520 505 2586 VIII.
552 2519 770 2586 Caesar
798 2521 1037 2586 iuterim
1081 2522 1142 2586 in
1174 2521 1524 2586 Sardiniam
1557 2521 1800 2586 nuntios
1845 2543 1984 2587 cum
2015 2520 2242 2602 litteris,
2287 2538 2348 2587 et
2389 2522 2454 2588 in
2484 2525 2624 2590 reli-

240 2629 394 2691 quas
423 2607 766 2692 provincias
812 2608 1101 2671 finitimas
1130 2607 1375 2686 dimisit,
1425 2622 1490 2671 ut
1518 2608 1633 2671 sibi
1665 2608 1912 2686 auxilia,
1943 2622 2333 2688 commeatus,
2358 2610 2622 2675 {iumen-

240 2705 388 2770 tum,
438 2693 613 2756 simul
650 2706 830 2777 atque
874 2693 1102 2757 litteras
1132 2692 1434 2776 legissent,
1465 2693 1756 2755 mittenda
1785 2706 2102 2756 curarent:
2158 2696 2623 2780 exoneratisque

234 2779 459 2864 partim
498 2779 753 2841 navibus
782 2779 1002 2862 longis,
1033 2777 1358 2842 Rabirium
1389 2777 1748 2841 Postumum
1780 2778 1842 2842 in
1873 2777 2147 2842 Siciliam
2179 2780 2258 2844 ad
2291 2782 2617 2845 secundum

232 2878 638 2929 commeatum
670 2865 1100 2928 accersendum
1130 2864 1330 2927 mittit.
1419 2862 1666 2927 Interim
1715 2885 1853 2926 cum
1900 2885 1957 2927 x.
2003 2864 2263 2928 navibus
2307 2866 2508 2948 longis
2539 2866 2703 2932 adso

232 2949 497 3031 reliquas
522 2971 707 3012 naves
736 2949 1048 3012 onerarias
1068 2949 1536 3031 conquirendas,
1562 2970 1702 3031 quae
1730 2948 2124 3027 deerrassent,
2154 2963 2214 3012 et
2241 2951 2419 3015 simul
2448 2973 2617 3016 mare

232 3036 526 3098 tuendum
574 3036 654 3097 ab
700 3035 992 3111 hostibus,
1028 3034 1208 3115 jubet
1236 3033 1561 3117 proficisci.
1649 3031 1801 3097 Item
1833 3032 1911 3097 C.
1944 3033 2296 3098 Sallustium
2327 3034 2616 3121 Crispum

232 3133 565 3204 praetorem
589 3119 668 3182 ad
698 3117 1027 3182 Cercinam
1054 3118 1308 3181 insulam
1340 3119 1568 3195 versia,
1594 3139 1776 3200 quam
1803 3120 2128 3182 adversarii
2152 3122 2453 3199 tenebant,
2478 3141 2617 3186 cum

234 3218 411 3289 parte
457 3203 699 3267 navium
746 3203 834 3266 ire
864 3205 1081 3286 jubet3
1139 3202 1303 3286 quod
1354 3203 1438 3265 ibi
1482 3224 1772 3285 magnum
1818 3225 2131 3267 numerum
2161 3205 2443 3269 frumenti
2488 3227 2618 3270 esse

228 3289 544 3352 audiebat.
642 3287 802 3352 Haec
847 3289 933 3351 ita
974 3288 1333 3373 imperabat,
1365 3289 1571 3372 itaque
1599 3288 1920 3372 unicuique
1948 3290 2360 3376 precipiebat,
2391 3305 2459 3354 ut
2485 3291 2698 3368 fieri&

297 3425 337 3472 1.
361 3421 676 3485 Urget-eritque
694 3419 1022 3483 inoppidumq
1078 3418 1435 3478 Manna-ripun
1498 3420 1715 3471 Nida-atu
1739 3419 1765 3465 ἶι
1787 3420 1866 3466 nai
1899 3420 2115 3485 Teia-nau.
2179 3419 2428 3468 Palatinus
2453 3419 2565 3468 verb
2593 3420 2699 3483 eju

224 3486 408 3548 Regius
427 3486 585 3533 codex
600 3498 725 3530 unna
746 3482 1147 3546 naufragarent,
1168 3483 1291 3529 alter
1308 3481 1434 3545 resu-
1496 3485 1667 3538 codex,
1689 3483 1716 3533 ni
1736 3485 1815 3529 ui
1837 3481 1998 3535 Aia-«m
2016 3483 2218 3544 μογέων.
2259 3484 2397 3537 Quod
2413 3483 2576 3531 omnia
2589 3484 2696 3531 red·

216 3554 407 3611 gau-em.
464 3548 593 3596 Alius
616 3546 730 3594 item
756 3546 1043 3602 Victorinus,
1064 3546 1292 3593 Thuanus
1307 3543 1434 3609 refu·
1496 3544 1567 3592 dit
1599 3559 1830 3604 perquam
1864 3547 2062 3596 incerta.

222 3615 486 3727 mm
446 3608 1175 3731 ‘'ffrss'ssiffi‘i‘i‘ss’ffl'ssssffit'
1193 3607 1434 3717 31:¹32
1494 3606 2213 3730 ,disss‘fflssffffim
2233 3606 2699 3733 ‘ammaim

224 3741 621 3845 mff‘bztwoezer
637 3733 1302 3856 ωηέιζιῗιευΐειιωηιωᾱᾱ]
1336 3794 1430 3842 La-
1493 3732 1970 3855 Ἢωέοἴίῗηίαω]
2027 3792 2252 3842 Sardinia
2286 3795 2435 3867 maris
2467 3792 2694 3866 Mediter-

221 3860 331 3908 tina
349 3860 538 3907 locutio.
607 3859 689 3907 Sic
710 3858 1019 3918 Propertius:
1490 3870 1626 3903 ranei
1649 3855 1805 3903 incula
1825 3864 1948 3903 tuter
1969 3856 2159 3904 Italiam
2190 3864 2239 3902 et
2261 3855 2495 3911 Africam,
2518 3855 2694 3915 Hispa-

1490 3919 1621 3965 niam
1643 3917 1944 3977 Galliamque
1961 3917 2059 3966 sere
2081 3917 2255 3975 media,
2273 3918 2441 3965 Graece
2465 3924 2535 3965 Σι
2582 3916 2631 3964 ὖ.

244 4039 251 4048 ι
347 3982 583 4046 Mag-mm
621 3982 713 4031 iter
745 3981 810 4031 ad
840 3982 996 4031 dedas
1028 3979 1263 4046 proficisci
1293 3994 1431 4042 cogor
1553 3982 1631 4027 29.
1656 3978 1894 4027 Rabirium
1929 3981 2236 4042 Postumum]
2283 3979 2503 4028 Rabirius
2565 3989 2690 4032 osta-

468 4046 689 4094 Atloenaae.
1490 4057 1597 4089 mus
1617 4041 1695 4089 hic
1716 4050 1806 4099 eet,
1822 4057 1910 4102 pro
1930 4057 2025 4101 quo
2043 4051 2178 4089 extat
2199 4043 2356 4090 oratio
2378 4043 2640 4093 ciceronio.

1550 4105 1629 4151 32.
1649 4103 1789 4152 Iubet
1880 4102 2088 4168 fixisti]
2123 4105 2320 4153 Milites.

286 4173 358 4219 10.
398 4169 693 4232 minam]
740 4170 955 4229 Ruspina
987 4168 1214 4229 oppidum
1249 4165 1425 4214 Atrion
1551 4166 1620 4214 lb.
1648 4167 1700 4214 C.
1726 4119 1996 4215 Samium
2033 4166 2286 4230 Crispum]
2337 4166 2385 4214 Is
2415 4173 2490 4214 est
2509 4167 2696 4227 pdmua

212 4231 410 4296 proprie
431 4233 587 4281 dicto.
842 4235 849 4240 “
1486 4227 1710 4276 Romana
1730 4230 1934 4288 scriptor
1950 4230 1999 4276 in
2017 4228 2245 4304 historia,
2257 4230 2340 4289 qui
2361 4229 2490 4288 quod
2512 4232 2575 4277 ab
2593 4232 2689 4289 Ap-

378 4294 585 4406 Leffi]
606 4295 770 4353 Lepti·
784 4294 981 4353 duplex,
1002 4293 1100 4340 alia
1116 4306 1311 4353 magna,
1327 4290 1425 4338 alia
1487 4290 1570 4349 pio
1591 4291 1797 4338 Claudio
1817 4306 2016 4339 censore
2047 4291 2449 4349 Pompeianarum
2481 4293 2691 4350 partium

210 4374 386 4421 parva.
604 4372 757 4416 parva
777 4365 850 4404 ert
871 4355 1114 4403 maritima
1142 4355 1267 4401 inter
1302 4356 1423 4402 dua·
1487 4354 1653 4400 sui-oet
1694 4362 1864 4402 senatu
1906 4363 2079 4411 motus,
2114 4355 2178 4400 ad
2219 4362 2381 4411 partes
2418 4364 2713 4415 acce-serat„

205 4429 373 4484 ayrtea
389 4421 665 4476 constituta,
686 4421 856 4467 eadem
878 4417 1226 4476 cum-Neapoli,
1246 4418 1307 4463 de
1327 4414 1424 4475 qua
1485 4415 1706 4462 emtis.
1771 4419 1924 4463 Autor
1945 4415 2054 4462 Dio.

204 4483 434 4544 aimerius
454 4492 527 4530 eat
548 4484 746 4540 dictum,
767 4482 808 4527 ti
829 4488 878 4528 et
898 4479 1040 4541 huju·
1062 4478 1167 4526 libri
1198 4477 1422 4538 scriptori
1546 4479 1624 4524 33.
1663 4477 1942 4539 Cercinam]
1977 4477 2187 4524 Cercina
2200 4476 2354 4524 insula
2374 4478 2569 4526 testibm
2593 4479 2685 4526 Pii.

204 4557 261 4595 tt
296 4547 525 4595 Straboni
565 4546 698 4592 fides.
764 4543 946 4590 Plinius
982 4550 1164 4600 tamen,
1203 4541 1336 4589 Mela
1373 4548 1422 4588 et
1484 4541 1566 4586 nio
1599 4547 1650 4587 et
1688 4539 1930 4595 Sallustio,
1967 4540 2031 4586 ad
2066 4540 2441 4598 promontorium
2476 4542 2682 4589 minores

202 4611 483 4658 Antoninus
506 4609 554 4655 in
592 4607 844 4656 Itinerario
880 4607 1002 4652 dua·
1159 4620 1211 4652 es
1245 4617 1421 4666 agnos·
1487 4602 1659 4663 Syrtis,
1700 4610 1823 4649 teste
1867 4601 2015 4658 Mela,
2056 4615 2297 4662 perparva
2337 4602 2684 4666 Carthaginem

203 4681 327 4721 mut
345 4683 397 4722 et
420 4670 709 4732 Neapolim,
724 4666 1005 4716 Ptole-aeuo
1156 4667 1224 4715 sic
1240 4667 1417 4714 habet:
1480 4679 1659 4773 '⁶2⁰3‘
1728 4665 1915 4713 Nomen
1936 4664 2092 4714 adhue·
2123 4663 2308 4713 retmet.

2035 4823 2066 4843 *d
