3059 5050
447 296 570 357 278
1275 287 1400 353 DF.
1444 286 1748 352 BELLO
1791 285 2070 354 CIVILI

530 436 894 517 Domitium,
938 454 998 503 et
1026 441 1105 502 ab
1132 437 1411 501 Domitio
1440 436 1519 499 ad
1549 434 1883 513 Caesarem,
1937 436 2106 501 nulla
2155 434 2385 500 ratione
2437 438 2553 502 iter
2599 438 2972 504 conficere

532 538 796 608 possent.
886 524 1007 586 Sed
1036 524 1425 604 AllobrogeS,
1450 520 1710 584 Roscilli
1741 542 1778 583 a
1847 543 1919 584 ue
1944 521 2092 604 AEgi
2141 521 2483 601 familiares,
2535 523 2750 610 (quos
2811 546 2968 609 per-

535 609 760 690 fugisse
788 610 864 671 ad
894 608 1258 693 Pompeium
1288 608 1829 671 demonstravimus
1908 608 2243 691 conspicati
2284 607 2347 669 in
2374 608 2591 670 itinere
2620 609 2962 693 explora-

536 706 696 755 tores
725 692 999 770 Domitii,
1033 714 1137 756 seu
1171 692 1422 777 pristina
1451 692 1561 754 sua
1588 693 2039 765 consuetudine,
2070 691 2235 775 quod
2266 693 2386 754 una
2408 693 2469 755 in
2502 692 2744 756 Gallis
2779 694 2958 757 bella

454 784 495 843 5
538 792 881 861 gesserant3
926 800 1029 841 seu
1059 779 1259 861 gloria
1302 777 1488 853 elati;
1530 790 1772 853 cuncta,
1821 793 1886 840 ut
1935 791 2109 839 erant
2159 793 2317 853 acta,
2363 794 2846 861 exposuerunt,
2899 794 2957 841 et

540 863 806 925 Coesms
834 863 1289 946 prosectionem,
1319 874 1379 925 et
1430 862 1753 924 adveutum
1803 861 2083 946 Pompeii
2135 862 2486 924 docuerunt.
2574 862 2644 925 A
2707 864 2950 945 quibis

538 945 843 1009 Domitius
891 951 1110 1010 certior
1140 949 1354 1023 factus,
1382 947 1487 1009 vix
1521 967 1607 1009 iv.
1641 946 1924 1008 horarum
1974 946 2168 1031 spatio
2211 948 2592 1024 antecedens,
2650 948 2948 1011 hostium

536 1032 835 1130 beneficio
943 1033 1197 1096 ticulum
1229 1034 1478 1096 vitavit:
1522 1045 1584 1093 et
1611 1032 1688 1093 ad
1721 1030 2061 1113 AEginium,
2087 1032 2700 1115 quodestobjectum
2733 1055 2946 1118 oppo-

460 1131 813 1266 lomuhfflxm
762 1138 896 1265 11εέΧ.
929 1116 2203 1285 Ἑὲῗῇξῗὲεοοῗίἓῗοίἴὲηέἓαῖοίᾚιὴω
2249 1200 2560 1285 pervenit3
2604 1203 2810 1284 quod
2860 1220 2944 1266 est

541 1287 835 1371 oppidum
866 1288 1126 1371 primum
1156 1287 1496 1350 Thessaliae
1524 1286 1900 1350 venientibus
1925 1286 2003 1348 ab
2096 1287 2269 1370 piro;
2314 1307 2452 1368 quae
2498 1307 2664 1368 gens
2717 1290 2942 1371 paucis

542 1372 685 1434 ante
718 1374 1019 1435 mensibus
1050 1372 1207 1434 ultro
1240 1373 1318 1435 ad
1350 1372 1663 1434 Caesarem
1694 1370 1927 1452 legatos
1957 1372 2217 1448 miserat,
2254 1384 2321 1434 ut
2362 1371 2481 1433 suis
2504 1372 2828 1435 omnibus
2857 1374 2939 1435 fa-
3011 1398 3012 1403 ¹

541 1457 862 1519 cultatibus
892 1470 1173 1533 uteretur,
1217 1456 1689 1541 proesidIumque
1734 1457 1812 1517 ab
1864 1476 1939 1517 eo
1988 1455 2243 1518 militum
2291 1457 2562 1539 petierat.
2659 1456 2812 1520 Sed
2868 1459 2936 1520 eo

541 1541 705 1603 sama
739 1547 871 1624 jam
969 1553 1422 1618 raecucurrerat,
1454 1561 1637 1623 quam
1668 1561 1852 1623 supra
1879 1540 2214 1618 docuimus,
2255 1540 2332 1603 de
2360 1540 2580 1624 proelio
2626 1539 2934 1625 Dyrrha-

466 1627 746 1703 15chino,
777 1647 859 1710 qu
990 1627 1191 1690 multis
1237 1640 1492 1689 auxerat
1537 1626 1828 1708 partibus.
1916 1623 2132 1707 Itaque
2181 1626 2635 1688 Androsthenes
2691 1644 2932 1710 praetnr

544 1710 905 1791 Thessaliae,
936 1732 1122 1795 quum
1167 1733 1230 1773 se
1273 1712 1547 1774 victoriae
1599 1710 1878 1794 Pompeii
1929 1711 2213 1772 comitem
2265 1730 2391 1772 esse
2441 1710 2680 1789 mallet,
2746 1714 2930 1795 quam
3011 1736 3012 1751 ¹

547 1799 777 1860 socium
809 1796 1078 1862 Caesaris
1109 1798 1171 1860 in
1200 1798 1378 1860 rebus
1408 1796 1693 1873 adversis,
1724 1815 1962 1858 omnem
1992 1815 2072 1857 ex
2101 1795 2265 1877 agris
2295 1794 2759 1859 multitudinem
2811 1820 2927 1861 su*-

544 1904 759 1947 vorum
793 1905 865 1946 ac
896 1884 1221 1946 liberorum
1253 1883 1315 1945 in
1358 1881 1653 1966 oppidum
1706 1882 1893 1963 cogit,
1945 1893 2270 1963 portasque
2321 1880 2674 1963 praecludit,
2737 1898 2802 1946 et
2853 1885 2924 1946 ad

548 1967 898 2052 Scipionem
930 1967 1413 2053 Pompeiumque
1443 1967 1683 2029 nuntios
1730 1966 1926 2042 mittit,
1957 1979 2025 2027 ut
2052 1965 2166 2028 sibi
2219 1965 2487 2027 subsidio
2514 1966 2786 2030 veniant
2804 1990 2824 2030 τ
2865 1990 2923 2032 se

462 2054 849 2116 20confidere
878 2054 1310 2116 munitionibus
1340 2052 1572 2136 oppidi,
1626 2053 1676 2113 si
1728 2051 1996 2114 celeriter
2038 2063 2461 2114 succurratur:
2506 2050 2920 2135 longinquam

544 2159 584 2198 o
631 2139 1062 2220 pugnationem
1096 2137 1384 2199 sustinere
1435 2157 1558 2198 non
1610 2157 1805 2220 posse.
1893 2134 2123 2221 Scipio,
2174 2135 2438 2198 discessu
2465 2138 2858 2200 exercituum
2887 2140 2920 2200 ὲ

544 2159 938 2303 ffyrrhachio
957 2223 1228 2303 cognito,
1242 2220 1550 2283 Larissam
1577 2222 1845 2303 legiones
1870 2220 2227 2283 adduxerat.
2288 2218 2624 2304 Pompeius
2641 2224 2916 2285 nondum

548 2304 889 2369 Thessaliae
910 2306 1455 2390 appropinquabat.
1517 2307 1754 2383 Caesar,
1774 2305 1985 2368 casu-is
2003 2305 2264 2382 munitis,
2275 2304 2468 2368 scalas
2487 2308 2916 2390 musculosque

546 2392 625 2454 ad
668 2392 1038 2477 repentinam
1071 2413 1110 2454 o
1154 2391 1588 2475 paginationem
1620 2392 1768 2469 fieri,
1812 2405 1872 2455 et
1900 2404 2095 2454 crates
2141 2390 2342 2474 parari
2377 2391 2583 2472 jussit.
2676 2391 2912 2475 Quibus

461 2479 724 2541 25rebus
753 2476 996 2555 effectis,
1027 2498 1103 2540 co
1148 2489 1376 2540 ortatus
1430 2478 1666 2555 milites,
1714 2477 1921 2540 docuit
1971 2490 2260 2559 quantum
2315 2497 2485 2538 usum
2534 2476 2796 2541 haberet
2838 2478 2911 2542 ad

547 2563 978 2625 sublevandam
1017 2564 1284 2625 omnium
1318 2584 1515 2624 rerum
1549 2563 1837 2645 inopiam,
1867 2563 2050 2645 potiri
2081 2562 2308 2647 oppido
2337 2561 2518 2661 pleno
2548 2577 2742 2645 atque
2771 2586 2907 2648 opu·

544 2646 709 2710 lento
732 2670 747 2708 z
794 2647 969 2709 simul
996 2648 1238 2729 reliquis
1250 2648 1620 2724 civitatibus,
1642 2648 1806 2709 urbis
1829 2648 2004 2728 hujus
2021 2646 2320 2732 exemplo,
2341 2646 2557 2710 inferre
2577 2662 2868 2712 terrorem
2887 2671 2904 2727 ς

544 2746 604 2795 et
651 2732 714 2795 id
762 2731 892 2795 fieri
944 2732 1234 2809 celeriter,
1284 2732 1634 2831 priusquam
1683 2731 1912 2794 auxilia
1963 2745 2405 2795 concurrerent.
2493 2730 2722 2815 ltaque
2779 2756 2903 2797 usus

546 2817 836 2901 singulari
869 2817 1123 2880 militum
1149 2818 1367 2894 studio,
1398 2817 1611 2879 eodem
1643 2838 1766 2901 quo
1789 2830 2038 2879 venerat
2064 2817 2184 2894 die,
2215 2831 2351 2901 post
2377 2817 2596 2879 horam
2630 2840 2720 2881 11.
2745 2820 2904 2904 oppi-

462 2905 688 2968 30dum
719 2903 1020 2966 altissimis
1050 2904 1349 2966 moenibus
1378 2923 1737 2987 oppugnare
1767 2922 2107 2985 aggressus,
2155 2917 2294 2965 ante
2322 2901 2463 2964 solis
2490 2923 2782 2966 occasum
2812 2926 2903 2968 ex·

546 2991 863 3076 pugnavit,
894 3003 954 3052 et
981 2989 1061 3053 ad
1091 2989 1493 3073 diripiendum
1526 2988 1814 3052 militibus
1843 2987 2179 3066 concessit3
2223 2987 2541 3069 statimque
2571 2990 2656 3051 ab
2687 2990 2900 3073 oppido

548 3090 749 3141 castra
778 3076 987 3154 movit,
1011 3090 1071 3138 et
1094 3074 1486 3160 Metropolim
1540 3075 1723 3151 venit,
1778 3074 1882 3151 sic,
1927 3086 1993 3135 ut
2032 3073 2274 3136 nuutios
2318 3074 2658 3157 expugnati
2705 3074 2897 3158 oppidi

546 3162 770 3225 samam
818 3183 893 3225 ue
922 3162 1316 3224 antecederet.

635 3245 757 3309 Lx
826 3245 942 3309 xl.
988 3245 1423 3329 Metropolitae,
1465 3246 1678 3307 eodem
1704 3243 1965 3328 primum
1996 3241 2086 3304 usi
2115 3241 2390 3320 consilio,
2415 3241 2626 3307 iisdan
2653 3242 2883 3327 permoti

464 3333 909 3407 ast-umoribus,
959 3345 1162 3414 portas
1206 3329 1569 3406 clauserunt,
1600 3349 1920 3411 murosque
1949 3328 2198 3389 annatis
2225 3328 2684 3412 compleverunt.
2763 3326 2880 3390 Sed

546 3427 775 3498 postea,
807 3435 951 3476 casu
984 3415 1242 3475 civitatis
1274 3413 1681 3497 Gomphensis
1709 3434 1786 3475 ex
1816 3413 2071 3496 captivis
2100 3415 2369 3495 cognito,
2403 3435 2553 3497 quos
2577 3412 2777 3474 Caesar
2803 3412 2884 3475 ad

547 3518 785 3559 murum
816 3499 1238 3583 producendos
1266 3512 1605 3576 curaverat,
1736 3510 1858 3560 rtas
1904 3510 2282 3582 aperuerunt.
2369 3497 2604 3580 Quibus
2642 3497 2890 3580 diligen-

547 3582 774 3646 tissime
795 3585 1184 3662 conservatis,
1194 3581 1419 3645 collata
1436 3520 2218 3668 fortunffietropolitarum
2243 3603 2380 3646 cum
2401 3605 2549 3646 casu
2563 3582 2895 3668 Gomphen-

548 3670 722 3747 sium,
753 3668 920 3731 nulla
947 3667 1289 3732 Thessalioe
1317 3669 1431 3731 suit
1456 3667 1689 3747 civitas,
1721 3682 1943 3753 praeter
1973 3666 2329 3746 Larissaeos,
2350 3669 2455 3751 qui
2478 3669 2724 3753 maguis
2743 3690 2898 3731 exer-

464 3755 766 3821 40citibus
813 3753 1121 3839 Scipionis
1171 3756 1550 3832 tenebantur,
1603 3755 1749 3838 quin
1793 3752 2034 3817 Caesari
2087 3768 2343 3838 pareret,
2392 3767 2574 3837 atque
2623 3755 2903 3841 imperata

527 3901 572 3945 8.
604 3894 894 3958 aeganem]
958 3895 1033 3943 De
1056 3896 1248 3955 AEgiato
1284 3897 1413 3944 sacta
1436 3895 1614 3958 mentio
1632 3895 1664 3944 ὸ,
1724 3910 1814 3944 nus
1835 3895 1947 3943 vero
1966 3897 2233 3944 Germanos
2255 3897 2675 3957 prucipueebrios

467 3960 620 4014 Livio,
642 3958 723 4019 qui
753 3973 862 4005 eam
884 3959 959 4006 vel
982 3960 1169 4006 modico
1190 3959 1408 4018 presidio
1428 3967 1582 4006 tutam
1604 3974 1661 4006 ac
1723 3959 1846 4006 risus
1867 3972 2086 4006 caussam
2107 3959 2376 4017 prebuisse.
2438 3960 2579 4014 Quod
2599 3961 2645 4007 si
2668 3912 2904 4009 im

464 4037 617 4084 prope
656 4021 1071 4082 mexpugnabilem
1093 4036 1200 4068 esse
1220 4029 1435 4069 testatur.
1498 4020 1557 4069 In
1587 4035 1662 4068 re-
1724 4029 1797 4067 set
1818 4019 2071 4080 Pompeius
2091 4030 2141 4067 et
2155 4020 2350 4069 adon-uss
2364 4029 2508 4079 esset,
2795 4023 2908 4070 cala-

464 4087 607 4147 giem
644 4083 803 4132 ried·
821 4083 1067 4131 masma-tt
1088 4084 1273 4132 minim
1293 4092 1343 4131 α
1362 4082 1661 4132 Μιωαωὶι
1722 4082 1935 4130 ψει-ιω
1953 4083 2132 4131 caui
2147 4082 2310 4131 asan
2321 4036 2910 4144 mmmm

465 4147 678 4203 ascribit,
701 4146 876 4194 Strabo
897 4146 939 4194 T
1022 4146 1185 4206 punis.
1439 4209 1452 4222 ·
1722 4144 1836 4192 vero
1857 4145 2230 4218 Gomphensium
2245 4145 2320 4192 vel
2339 4146 2732 4220 desperationem
2747 4148 2912 4208 presa,

528 4332 1665 4396 samiam-qnamennumiaeme-
1726 4304 2916 4394 manliumsenoempieuominm3mm

466 4397 897 4457 tropon-‚Achiuis
918 4396 1090 4456 patria.
1152 4395 1269 4442 Alia
1290 4402 1398 4442 me
1422 4394 1664 4442 mult-‹15-
1724 4392 1899 4441 odioea
1930 4394 2137 4442 „m
2167 4395 2384 4471 sanguia,
2413 4394 2918 4457 mmm-swina

342 4482 353 4491 .
467 4459 614 4506 versis
637 4459 685 4506 iu
706 4460 978 4521 regionibus
999 4458 1322 4519 cognomines.
1723 4455 2078 4515 propinaverat,
2118 4457 2336 4506 similiter
2374 4465 2728 4505 commortmn
2781 4459 2919 4507 medi·

528 4522 606 4566 26.
642 4521 790 4568 Potin·
830 4521 999 4584 oppido
1036 4520 1178 4584 pleno
1219 4524 1356 4582 atque
1408 4518 1659 4583 opulenta]
1722 4533 1847 4565 cum.

468 4580 748 4629 Plutarchus
764 4592 930 4630 narrat
951 4583 1014 4630 lbi
1037 4583 1240 4643 primum
1264 4582 1433 4629 milites
1455 4581 1661 4628 emti·
1784 4581 1864 4629 82.
1893 4579 2221 4645 Metropolim]
2257 4582 2421 4631 Multo
2452 4590 2562 4630 suut
2582 4585 2726 4631 urbes
2765 4583 2920 4631 maltis

466 4641 498 4689 a
531 4642 764 4700 prioribus
794 4645 1034 4692 laboribus
1062 4646 1374 4705 acquievisse,
1392 4644 1569 4692 etviuo
1589 4658 1659 4699 se,
1722 4642 1772 4689 in
1793 4642 1910 4691 locis
1931 4643 2252 4708 cognomines.
2317 4645 2414 4693 Sed
2448 4645 2552 4693 hoc
2585 4653 2661 4694 est
2695 4646 2748 4694 in
2772 4646 2918 4696 Thet-

466 4705 595 4763 quod
618 4703 815 4748 multum
838 4705 1137 4763 invenerant,
1171 4707 1418 4765 proluisse.
1481 4705 1660 4764 Appia·
1720 4703 1852 4753 sam.
