3059 5050
331 311 415 372 20
1102 302 1227 368 DE
1269 304 1576 370 BELLO
1622 306 2016 373 GALLICO

417 474 492 516 ac
533 450 701 514 sedes
742 464 1106 598 pararentur
1131 472 1151 511 x¹
1192 452 1457 515 futurum
1505 476 1634 516 esse
1662 456 1872 539 paucis
1903 455 2096 533 annis,
2141 455 2227 519 uti
2256 478 2462 520 omnes
2492 456 2528 521 ὲ
2561 456 2790 522 Galliae

414 538 637 600 finibus
668 558 742 619 pe
788 549 1047 612 crentur,
1092 550 1273 617 atque
1316 559 1524 600 omnes
1551 538 1841 601 Germani
1871 540 2156 602 Rhenum
2188 542 2546 604 transirent:
2591 564 2793 625 neque

416 624 575 684 enim
601 619 1029 683 conferendum
1060 642 1187 682 esse
1218 621 1524 684 Gallicum
1568 644 1706 685 cum
1737 623 2176 687 Germanorum
2211 648 2380 706 agro,
2411 648 2605 708 neque
2629 628 2793 689 hanc

416 705 909 768 consuetudinem
941 705 1134 767 victus
1162 727 1301 767 cum
1349 706 1454 768 illa
1483 696 1979 807 comparandam.
2069 710 2437 772 Ariovistum
2469 725 2689 788 autem,
2723 724 2795 773 ut

335 795 374 851 5
420 790 599 853 semel
630 787 949 851 Gallorum
979 790 1188 873 copias
1216 791 1435 874 proelio
1462 792 1693 868 vicerit,
1725 793 1891 875 quod
1919 793 2200 877 proelium
2232 794 2454 856 sactum
2495 795 2571 857 sit
2597 796 2792 857 Ama-

421 874 735 957 getobrioe,
769 875 1031 957 superbe
1057 888 1117 936 et
1145 875 1466 938 crudeliter
1494 876 1808 960 imperare,
1834 878 2073 939 obsides
2113 879 2468 941 nobilissimi
2499 881 2794 962 cujusque

421 959 643 1020 liberos
671 979 939 1041 poscere,
971 972 1031 1021 et
1075 959 1139 1021 in
1168 981 1273 1021 eos
1320 961 1527 1023 omnia
1553 961 1834 1044 exempla
1863 962 2162 1025 cruciatus
2203 963 2400 1039 edere,
2448 963 2497 1024 si
2527 985 2648 1045 qua
2695 985 2794 1026 res

424 1065 549 1105 non
579 1044 657 1105 ad
701 1055 911 1105 nutum
942 1057 1048 1105 aut
1072 1045 1153 1106 ad
1175 1045 1547 1108 voluntatem
1577 1047 1705 1127 ejus
1735 1046 1896 1108 sacta
1925 1046 2001 1109 sit
2026 1068 2042 1107 t
2087 1047 2388 1111 hominem
2419 1069 2545 1109 esse
2566 1049 2794 1111 barba-

424 1149 578 1204 rum,
632 1128 1010 1204 iracundum,
1058 1130 1471 1191 temerarium:
1518 1151 1640 1192 non
1686 1151 1861 1213 posse
1903 1133 2032 1212 ejus
2075 1132 2156 1193 im
2235 1132 2327 1193 ria
2369 1131 2590 1193 diutius
2619 1133 2798 1194 susti-

347 1213 580 1275 lOneri:
628 1212 741 1275 nisi
787 1213 933 1295 quid
974 1215 1039 1275 in
1072 1213 1323 1276 Caesare
1410 1236 1448 1276 o
1495 1215 1717 1298 uloque
1759 1214 1842 1277 R.
1889 1215 1963 1277 sit
2002 1154 2235 1292 auxilii?
2288 1217 2567 1277 omnibus
2595 1214 2797 1278 Gallis

426 1298 583 1360 idem
613 1319 741 1359 esse
771 1297 1132 1374 faciendum,
1159 1299 1325 1381 quod
1354 1236 1621 1362 fiefvetii
1651 1299 1936 1377 fecerunt,
1966 1316 2035 1363 ut
2056 1302 2241 1362 domo
2269 1301 2603 1382 emigrent3
2628 1300 2799 1363 aliud

427 1381 822 1458 domicilium,
871 1382 1021 1444 alias
1074 1383 1259 1460 sedes,
1314 1398 1573 1446 remotas
1621 1385 1658 1446 ὲ
1697 1383 2034 1463 Germanis,
2080 1398 2305 1470 petant,
2350 1384 2799 1467 summamque,

429 1487 812 1565 quoecunque
843 1467 1101 1545 accidat,
1154 1468 1565 1551 experiantur.
1653 1467 1813 1531 Haec
1861 1470 1911 1530 si
1955 1470 2279 1532 enunciata
2323 1468 2632 1531 Ariovisto
2661 1471 2800 1546 siut,

428 1571 550 1613 non
581 1552 876 1627 dubitare,
909 1552 1055 1633 quin
1084 1553 1161 1614 de
1190 1553 1470 1614 omnibus
1495 1552 1825 1629 obsidibus,
1858 1555 1961 1637 qui
1992 1555 2157 1654 apud
2180 1575 2316 1629 eum
2348 1555 2484 1630 sint,
2517 1554 2803 1635 gravissi·

349 1640 591 1700 l5mum
622 1636 984 1721 supplicium
1015 1650 1229 1699 sumat.
1320 1634 1655 1714 Caesarem,
1684 1637 1782 1699 vel
1823 1651 2181 1700 auctoritate
2205 1638 2318 1701 sua
2354 1650 2536 1721 atque
2571 1638 2804 1700 exerci-

428 1720 544 1798 tuS,
573 1720 671 1783 vel
698 1722 919 1783 recenti
944 1721 1217 1799 victoria,
1247 1722 1343 1783 vel
1375 1723 1619 1784 nomine
1659 1722 1871 1806 populi
1901 1722 1983 1785 R.
2016 1724 2313 1785 deterrere
2456 1744 2537 1799 se,
2567 1744 2644 1785 ue
2671 1744 2803 1784 ma-

415 1808 523 1888 jor
563 1806 884 1869 multitudo
915 1804 1361 1868 Germanorum
1391 1805 1678 1869 Rhenum
1709 1808 2150 1870 transducatur.
2409 1828 2628 1890 amque
2672 1828 2804 1869 om·

426 1913 563 1953 uem
597 1892 675 1954 ab
705 1891 996 1954 Ariovisti
1027 1892 1250 1973 injuria
1272 1912 1450 1976 posse
1478 1891 1816 1955 defendere.

511 1974 792 2039 XXXII.
838 1976 977 2039 Hac
1030 1976 1306 2039 oratione
1359 1977 1396 2038 a
1447 1976 1761 2039 Divitiaco
1812 1976 2038 2054 habita,
2094 1996 2321 2053 omnes»,
2375 1977 2480 2059 qui
2533 1978 2804 2053 aderaut,

343 2065 656 2144 zomagno
681 2062 821 2124 fletu
853 2062 1148 2124 auxilium
1177 2064 1213 2123 a
1244 2061 1499 2123 Caesare
1527 2075 1728 2143 petere
1759 2075 2089 2143 coeperunt.
2181 2062 2628 2124 Animadvertit
2657 2060 2805 2123 Cae-

430 2168 528 2208 sar
556 2167 711 2208 unos
740 2167 818 2206 ex
863 2147 1143 2206 omnibus
1173 2145 1493 2225 Sequanos
1516 2145 1667 2205 nibil
1716 2165 1922 2206 earum
1955 2166 2155 2209 rerum
2186 2146 2401 2223 facere,
2428 2168 2577 2229 quas
2601 2144 2803 2208 cteteri

428 2231 713 2305 facerent,
740 2230 843 2291 sed
862 2229 1076 2304 tristes,
1100 2229 1301 2311 capite
1325 2228 1607 2304 demisso,
1629 2241 1847 2290 terram
1872 2229 2110 2293 intueri.
2183 2230 2339 2312 Ejus
2363 2232 2447 2293 rei
2473 2252 2611 2313 quae
2630 2250 2806 2292 caus-

427 2336 498 2375 sa
526 2326 696 2389 esset,
728 2313 997 2390 miratus,
1028 2334 1106 2374 ex
1137 2313 1283 2396 ipsis
1313 2312 1615 2396 quaesivit.
1704 2311 1877 2376 Nihil
1907 2312 2177 2397 Sequani
2208 2316 2590 2402 respondere,
2614 2316 2718 2377 sed
2741 2315 2809 2377 in

430 2398 640 2459 eudem
666 2396 905 2460 tristitia
932 2398 1097 2459 taciti
1118 2418 1490 2483 permanere.
1582 2398 1788 2480 Quum
1821 2400 1900 2461 ab
1924 2399 1997 2460 iis
2024 2400 2246 2484 saepii'is
2266 2415 2582 2483 quaereret,
2613 2420 2809 2483 neque

345 2482 618 2547 25ullam
668 2483 918 2547 omnino
964 2504 1175 2546 vocem
1219 2483 1560 2569 exprimere
1589 2497 1827 2568 posset3
1870 2484 2029 2547 idem
2061 2483 2404 2548 Divitiacus
2445 2482 2684 2548 AEduus
2714 2505 2809 2547 re·

434 2568 696 2654 spondit,
727 2567 867 2631 Hoc
919 2590 1048 2631 esse
1098 2569 1467 2631 miseriorem
1518 2570 1982 2652 gravioremque
2012 2569 2312 2632 fortunam
2361 2570 2805 2653 Sequanorum,

433 2655 616 2756 quam
664 2653 1053 2737 reliquorum,
1085 2654 1251 2736 quod
1282 2654 1392 2717 soli
1423 2655 1628 2715 necin
1682 2654 1922 2716 occulto
1952 2655 2194 2737 quidem
2245 2656 2436 2739 queri,
2480 2676 2590 2718 uec
2634 2655 2808 2717 auxi-
2886 2670 2890 2673 ’

434 2740 581 2801 lium
606 2738 933 2822 implorare
979 2740 1313 2818 auderent3
1358 2739 1740 2821 absentisque
1771 2739 2062 2801 Ariovisti
2090 2740 2526 2816 crudelitatem,
2550 2740 2716 2802 velut

433 2845 638 2885 coram
669 2824 921 2901 adesset,
953 2824 1304 2901 horrerent3
1348 2836 1669 2907 propterea
1700 2824 1868 2906 quod
1897 2823 2145 2906 reliquis
2176 2837 2378 2886 tamen
2425 2824 2591 2907 fugae
2622 2823 2810 2886 facul-

352 2913 526 2971 30tas
556 2909 837 2988 daretur3
884 2908 1182 2992 Sequanis
1211 2908 1378 2984 vero,
1428 2908 1534 2990 qui
1587 2908 1745 2970 intra
1773 2909 1922 2970 fines
1970 2930 2110 2970 suos
2137 2909 2508 2970 Ariovistum
2555 2907 2811 2993 recepis-

438 3006 586 3070 sent,
619 3015 876 3076 quorum
909 2994 1138 3141 oAEpida
1166 2993 1376 3056 omnia
1404 2993 1467 3056 in
1508 3006 1802 3077 potestate
1849 2991 1976 3075 ejus
2023 3006 2238 3070 essent,
2270 3012 2476 3055 omues
2512 2993 2811 3056 cruciatus

435 3091 629 3141 essent
735 3078 926 3141 rseren

518 3099 832 3226 xxffill.
878 3162 995 3227 His
1026 3166 1204 3226 rebus
1233 3163 1514 3245 cognitiS,
1548 3160 1768 3225 caesar
1798 3161 2116 3225 Gallorum
2150 3162 2386 3226 animos
2421 3163 2624 3225 verbis
2667 3183 2811 3224 con-

436 3249 715 3325 firmavit,
738 3249 1160 3332 pollicitusque
1184 3263 1292 3324 est,
1317 3249 1431 3309 sibi
1455 3268 1592 3309 eam
1617 3269 1744 3309 rem
1770 3269 1937 3310 curae
1962 3247 2223 3310 futuram
2251 3270 2270 3327 ς
2314 3268 2603 3331 maguam
2625 3268 2687 3308 se
2706 3246 2812 3309 ba·

354 3335 583 3397 35bere
607 3354 794 3415 spem,
826 3347 886 3395 et
912 3333 1211 3396 beneficio
1236 3352 1346 3393 suo
1375 3346 1435 3393 et
1464 3333 1823 3395 auctoritate
1853 3332 2182 3395 adductum
2207 3332 2604 3410 Ariovistum,
2634 3333 2812 3395 finem

438 3417 674 3498 injuriis
704 3415 1022 3479 facturum.
1069 3415 1209 3478 Hac
1241 3417 1515 3479 oratione
1547 3417 1772 3495 habita,
1803 3416 2126 3480 concilium
2158 3417 2401 3480 dimisit.
2490 3415 2578 3479 Et
2607 3437 2842 3488 secum,

439 3501 585 3563 dum
617 3521 691 3562 ea
720 3500 928 3562 multae
974 3522 1070 3564 res
1098 3521 1234 3563 eum
1262 3501 1682 3578 hortabantur,
1726 3523 1915 3585 quare
1942 3502 2056 3565 sibi
2086 3523 2220 3565 eam
2249 3523 2375 3565 rem
2406 3501 2814 3584 cogitandam,

436 3599 497 3648 et
525 3585 965 3669 suscipiendam
1021 3599 1296 3670 putaret:
1342 3586 1658 3671 imprimis,
1691 3587 1860 3669 quod
1913 3585 2172 3664 AEduos,
2205 3586 2416 3648 fratres
2453 3585 2818 3667 consangni-

439 3693 666 3753 neosq3
711 3671 1127 3754 saepenumero
1161 3673 1239 3733 ab
1264 3671 1493 3734 Senatu
1518 3671 1875 3756 appellatos,
1899 3674 1963 3734 in
1993 3672 2273 3734 servitute
2296 3685 2478 3753 atque
2501 3670 2566 3733 in
2589 3671 2816 3733 ditione

354 3757 685 3818 40videbat
727 3755 1172 3818 Germanorum
1204 3757 1412 3832 teneri,
1444 3777 1778 3840 eorumque
1807 3756 2045 3818 obsides
2074 3776 2200 3818 esse
2229 3756 2394 3840 apud
2442 3755 2812 3818 Ariovistum

439 3863 510 3904 ac
542 3841 862 3924 Sequanos
892 3841 1270 3924 intelligebat
1286 3847 1310 3903 ἐ
1357 3855 1383 3886 ³
1416 3841 1584 3925 quod
1615 3842 1679 3904 in
1708 3852 1878 3904 tanto
1906 3840 2163 3924 imperio
2193 3839 2407 3926 populi
2435 3838 2518 3902 R.
2548 3838 2818 3923 turpissi-

478 3997 510 4027 a
548 3979 681 4041 Qudd
701 3978 990 4028 existimabat
1010 3995 1096 4029 esse
1112 3980 1509 4043 probrosissimum
1536 3978 1642 4038 sibi,
1657 3983 1699 4027 el
1714 3977 1910 4044 Reipub.
1929 3994 1978 4027 re
1999 3977 2216 4027 Romarm
2245 3976 2697 4042 mopereflorenu.

354 4094 470 4141 facit
490 4093 791 4148 Ptolemaeus,
814 4105 932 4152 quos
956 4092 1005 4138 iu
1022 4091 1265 4139 Cimbrica
1288 4091 1557 4138 Chersone·
1622 4088 1712 4135 Ubi
1729 4090 1856 4136 enim
1878 4088 1956 4134 ille
1979 4087 2147 4135 fluvius
2170 4086 2219 4134 in
2235 4085 2457 4133 Rhenum
2479 4084 2648 4141 influit,
2664 4083 2817 4146 Binga

355 4173 408 4204 so
430 4156 673 4205 constitnit
690 4169 705 4214 3
739 4156 835 4215 qui,
873 4155 911 4200 si
947 4155 1058 4208 sint,
1081 4156 1300 4200 videntur
1333 4169 1437 4199 esse
1472 4154 1557 4198 ho·
1619 4151 1776 4210 posita
1799 4159 1885 4196 est.

353 4233 459 4265 rum
493 4220 716 4278 reliquiae,
746 4233 848 4279 quae
868 4217 1035 4276 procul
1056 4217 1085 4264 a
1114 4215 1344 4263 Romanis
1367 4215 1414 4262 in
1450 4215 1556 4261 ulti·
1682 4215 1726 4261 7.
1785 4209 1958 4258 Omnia
2002 4209 2214 4273 exempla
2248 4210 2477 4258 anteimus
2507 4207 2676 4270 edere]
2730 4205 2817 4255 Te·

354 4295 458 4326 mas
479 4288 633 4328 terras
655 4276 991 4328 concesserint.
1617 4284 1738 4321 rent.
1769 4275 1818 4320 in
1843 4273 2103 4343 Eunucho:
2147 4272 2259 4330 Quae
2282 4270 2458 4334 sulm
2494 4285 2582 4318 esse
2613 4269 2820 4333 exempla

417 4344 462 4388 5.
510 4342 888 4404 Amagetobffae]
960 4340 1310 4403 Amagetobrioe
1330 4340 1463 4386 locus
1486 4339 1556 4400 ig·
1616 4336 1774 4384 dicunt
1795 4335 1847 4382 in
1861 4347 1968 4382 eum
1983 4334 2181 4395 indigua
2197 4352 2211 4379 .·
2243 4345 2415 4393 nempe
2431 4335 2546 4395 quia
2557 4347 2708 4392 poenoe
2725 4347 2819 4379 non

356 4412 570 4449 noratur.
635 4403 903 4466 conjicitur
924 4412 1086 4451 tamen
1119 4417 1222 4449 esse
1252 4401 1458 4463 Bingam
1493 4415 1555 4447 ex
1616 4397 1801 4444 tantum
1820 4397 1882 4443 ad
1905 4396 2179 4468 vindictam,
2197 4397 2282 4443 sed
2303 4396 2458 4456 potius
2477 4398 2540 4443 ad
2561 4395 2796 4453 exempla.

357 4466 430 4511 his
451 4466 664 4512 versibus
687 4466 990 4523 Amonianis,
1680 4462 1758 4507 31.
1798 4459 2004 4518 Quorum
2219 4458 2414 4520 omnim]
2465 4458 2576 4505 Hoc
2604 4457 2818 4517 estquod

1619 4521 1886 4568 Ariovistus
1911 4520 2039 4566 infra
2109 4520 2190 4577 cit,
2214 4536 2265 4567 se
2291 4520 2414 4567 sedes
2431 4519 2599 4567 habere
2621 4519 2673 4565 in
2711 4518 2817 4566 Gat-

396 4585 685 4636 Trandermn
708 4587 896 4637 celerem
917 4588 1335 4652 nebulosoflumt'ne
1351 4587 1540 4635 Nurum
1621 4584 1690 4632 lia
1709 4583 1769 4632 ab
1789 4581 1902 4657 ipsis
1923 4582 2074 4628 Gallis
2105 4596 2362 4655 eoncessm‘:
2393 4581 2695 4656 quoepppida
2713 4579 2817 4654 ‘pri-

385 4648 562 4698 addita
582 4647 776 4696 miratus
794 4653 932 4698 veteri
948 4666 1065 4700 nova
1081 4651 1249 4700 incenia
1265 4649 1379 4706 vico,
1621 4645 1750 4693 mum
1772 4647 1960 4692 videtur
1996 4645 2065 4691 sui
2103 4645 2347 4704 muniendi
2385 4657 2532 4690 causa
2560 4655 2817 4702 accepisse,

386 4710 608 4774 J'Jquum'l
626 4709 781 4758 latias
792 4710 874 4758 ubi
893 4712 1126 4774 meandum
1156 4712 1313 4761 Gallia
1336 4713 1535 4760 Canum.
1619 4710 1794 4758 deinde
1807 4707 1974 4756 Galliae
1993 4706 2335 4767 impugnandae
2356 4703 2502 4752 causa
2523 4703 2785 4752 retinuisse.
2801 4705 2811 4714 '
