<?xml version="1.0" encoding="UTF-8"?>
<!DOCTYPE html PUBLIC "-//W3C//DTD XHTML 1.0 Transitional//EN"
    "http://www.w3.org/TR/xhtml1/DTD/xhtml1-transitional.dtd">
<html xmlns="http://www.w3.org/1999/xhtml" xml:lang="en" lang="en">
 <head>
  <title>
</title>
<meta http-equiv="Content-Type" content="text/html;charset=utf-8" />
  <meta name='ocr-system' content='tesseract 3.04.00' />
  <meta name='ocr-capabilities' content='ocr_page ocr_carea ocr_par ocr_line ocrx_word'/>
</head>
<body>
  <div class='ocr_page' id='page_1' title='image "./cjuliicaesarisq00celsgoog_0248.png"; bbox 0 0 3059 5050; ppageno 0'>
   <div class='ocr_carea' id='block_1_1' title="bbox 1171 32 1196 67">
    <p class='ocr_par' dir='ltr' id='par_1_1' title="bbox 1171 32 1196 67">
     <span class='ocr_line' id='line_1_1' title="bbox 1171 32 1196 67; baseline 0 0"><span class='ocrx_word' id='word_1_1' title='bbox 1171 32 1196 67; x_wconf 87' lang='grc' dir='ltr'><em>Ι</em></span> 
     </span>
    </p>
   </div>
   <div class='ocr_carea' id='block_1_2' title="bbox 327 205 459 267">
    <p class='ocr_par' dir='ltr' id='par_1_2' title="bbox 327 205 459 267">
     <span class='ocr_line' id='line_1_2' title="bbox 327 205 459 267; baseline 0 0"><span class='ocrx_word' id='word_1_2' title='bbox 327 205 459 267; x_wconf 75' lang='grc'>234</span> 
     </span>
    </p>
   </div>
   <div class='ocr_carea' id='block_1_3' title="bbox 1169 138 1967 254">
    <p class='ocr_par' dir='ltr' id='par_1_3' title="bbox 1169 138 1967 254">
     <span class='ocr_line' id='line_1_3' title="bbox 1169 138 1967 254; baseline -0.005 0"><span class='ocrx_word' id='word_1_3' title='bbox 1169 189 1294 254; x_wconf 83' lang='lat' dir='ltr'>DE</span> <span class='ocrx_word' id='word_1_4' title='bbox 1339 138 1645 253; x_wconf 64' lang='lat' dir='ltr'>nmmo</span> <span class='ocrx_word' id='word_1_5' title='bbox 1691 185 1967 251; x_wconf 76' lang='lat' dir='ltr'>cmm</span> 
     </span>
    </p>
   </div>
   <div class='ocr_carea' id='block_1_4' title="bbox 417 334 2831 509">
    <p class='ocr_par' dir='ltr' id='par_1_4' title="bbox 417 334 2831 509">
     <span class='ocr_line' id='line_1_4' title="bbox 417 334 2831 422; baseline -0.001 -13"><span class='ocrx_word' id='word_1_6' title='bbox 417 345 721 409; x_wconf 85' lang='lat' dir='ltr'>adductus</span> <span class='ocrx_word' id='word_1_7' title='bbox 751 340 975 417; x_wconf 76' lang='lat' dir='ltr'>VaruS,</span> <span class='ocrx_word' id='word_1_8' title='bbox 1008 353 1252 422; x_wconf 80' lang='lat' dir='ltr'>postero</span> <span class='ocrx_word' id='word_1_9' title='bbox 1291 339 1391 399; x_wconf 89' lang='lat' dir='ltr'>die</span> <span class='ocrx_word' id='word_1_10' title='bbox 1428 337 1611 399; x_wconf 74' lang='lat' dir='ltr'>mane</span> <span class='ocrx_word' id='word_1_11' title='bbox 1643 334 1912 417; x_wconf 80' lang='lat' dir='ltr'><strong>legiones</strong></span> <span class='ocrx_word' id='word_1_12' title='bbox 1942 346 2019 397; x_wconf 79' lang='lat' dir='ltr'>ex</span> <span class='ocrx_word' id='word_1_13' title='bbox 2061 336 2270 397; x_wconf 85' lang='lat' dir='ltr'>castris</span> <span class='ocrx_word' id='word_1_14' title='bbox 2312 336 2532 401; x_wconf 82' lang='lat' dir='ltr'><strong>educit.</strong></span> <span class='ocrx_word' id='word_1_15' title='bbox 2621 338 2831 405; x_wconf 82' lang='lat' dir='ltr'>Facit·</span> 
     </span>
     <span class='ocr_line' id='line_1_5' title="bbox 419 421 2822 509; baseline -0.002 -14"><span class='ocrx_word' id='word_1_16' title='bbox 419 432 581 495; x_wconf 86' lang='lat' dir='ltr'>idem</span> <span class='ocrx_word' id='word_1_17' title='bbox 632 427 864 490; x_wconf 87' lang='lat' dir='ltr'>Curio:</span> <span class='ocrx_word' id='word_1_18' title='bbox 935 438 1115 506; x_wconf 87' lang='lat' dir='ltr'>atque</span> <span class='ocrx_word' id='word_1_19' title='bbox 1163 424 1284 485; x_wconf 69' lang='lat' dir='ltr'>unii</span> <span class='ocrx_word' id='word_1_20' title='bbox 1330 422 1488 485; x_wconf 79' lang='lat' dir='ltr'>valle</span> <span class='ocrx_word' id='word_1_21' title='bbox 1541 443 1665 484; x_wconf 90' lang='lat' dir='ltr'>non</span> <span class='ocrx_word' id='word_1_22' title='bbox 1715 421 1941 502; x_wconf 75' lang='lat' dir='ltr'>magna</span> <span class='ocrx_word' id='word_1_23' title='bbox 1991 421 2317 503; x_wconf 69' lang='lat' dir='ltr'>inteijecta,</span> <span class='ocrx_word' id='word_1_24' title='bbox 2368 444 2504 485; x_wconf 84' lang='lat' dir='ltr'>suas</span> <span class='ocrx_word' id='word_1_25' title='bbox 2552 440 2822 509; x_wconf 86' lang='lat' dir='ltr'>uterque</span> 
     </span>
    </p>
   </div>
   <div class='ocr_carea' id='block_1_5' title="bbox 401 512 920 663">
    <p class='ocr_par' dir='ltr' id='par_1_5' title="bbox 401 512 920 663">
     <span class='ocr_line' id='line_1_6' title="bbox 401 512 920 663; baseline -0.012 -85"><span class='ocrx_word' id='word_1_26' title='bbox 401 516 634 663; x_wconf 27' lang='lat' dir='ltr'>,coggas</span> <span class='ocrx_word' id='word_1_27' title='bbox 663 512 874 575; x_wconf 89' lang='lat' dir='ltr'>instrui</span> <span class='ocrx_word' id='word_1_28' title='bbox 882 525 920 572; x_wconf 84' lang='lat' dir='ltr'>t.</span> 
     </span>
    </p>
   </div>
   <div class='ocr_carea' id='block_1_6' title="bbox 573 588 2819 676">
    <p class='ocr_par' dir='ltr' id='par_1_6' title="bbox 573 588 2819 676">
     <span class='ocr_line' id='line_1_7' title="bbox 573 588 2819 676; baseline -0 -13"><span class='ocrx_word' id='word_1_29' title='bbox 573 596 817 663; x_wconf 85' lang='lat' dir='ltr'><strong>XVIII.</strong></span> <span class='ocrx_word' id='word_1_30' title='bbox 845 594 1000 657; x_wconf 81' lang='lat' dir='ltr'>Erat</span> <span class='ocrx_word' id='word_1_31' title='bbox 1024 596 1086 661; x_wconf 85' lang='lat' dir='ltr'>in</span> <span class='ocrx_word' id='word_1_32' title='bbox 1111 594 1378 656; x_wconf 80' lang='lat' dir='ltr'>exercitu</span> <span class='ocrx_word' id='word_1_33' title='bbox 1404 590 1558 655; x_wconf 84' lang='lat' dir='ltr'>Vari</span> <span class='ocrx_word' id='word_1_34' title='bbox 1586 592 1755 654; x_wconf 82' lang='lat' dir='ltr'><strong>Sext.</strong></span> <span class='ocrx_word' id='word_1_35' title='bbox 1783 590 2150 672; x_wconf 77' lang='lat' dir='ltr'>Quinctilius</span> <span class='ocrx_word' id='word_1_36' title='bbox 2172 588 2392 671; x_wconf 86' lang='lat' dir='ltr'>Varus,</span> <span class='ocrx_word' id='word_1_37' title='bbox 2420 616 2597 676; x_wconf 89' lang='lat' dir='ltr'>quem</span> <span class='ocrx_word' id='word_1_38' title='bbox 2624 598 2819 662; x_wconf 78' lang='lat' dir='ltr'>fuisse</span> 
     </span>
    </p>
   </div>
   <div class='ocr_carea' id='block_1_7' title="bbox 339 683 1529 764">
    <p class='ocr_par' dir='ltr' id='par_1_7' title="bbox 339 683 1529 764">
     <span class='ocr_line' id='line_1_8' title="bbox 339 683 1529 764; baseline -0.012 -11"><span class='ocrx_word' id='word_1_39' title='bbox 339 693 378 753; x_wconf 77' lang='lat'><strong><em>5</em></strong></span> <span class='ocrx_word' id='word_1_40' title='bbox 425 685 688 751; x_wconf 81' lang='lat' dir='ltr'>Corfinii</span> <span class='ocrx_word' id='word_1_41' title='bbox 719 703 902 764; x_wconf 90' lang='lat' dir='ltr'>supra</span> <span class='ocrx_word' id='word_1_42' title='bbox 921 683 1395 743; x_wconf 86' lang='lat' dir='ltr'>demonstratum</span> <span class='ocrx_word' id='word_1_43' title='bbox 1421 692 1529 740; x_wconf 85' lang='lat' dir='ltr'>est.</span> 
     </span>
    </p>
   </div>
   <div class='ocr_carea' id='block_1_8' title="bbox 1605 676 2817 756">
    <p class='ocr_par' dir='ltr' id='par_1_8' title="bbox 1605 676 2817 756">
     <span class='ocr_line' id='line_1_9' title="bbox 1605 676 2817 756; baseline 0.005 -16"><span class='ocrx_word' id='word_1_44' title='bbox 1605 676 1749 753; x_wconf 85' lang='lat' dir='ltr'>Hic,</span> <span class='ocrx_word' id='word_1_45' title='bbox 1779 677 2057 738; x_wconf 86' lang='lat' dir='ltr'>dimissus</span> <span class='ocrx_word' id='word_1_46' title='bbox 2083 677 2121 737; x_wconf 68' lang='lat' dir='ltr'>a</span> <span class='ocrx_word' id='word_1_47' title='bbox 2144 676 2413 756; x_wconf 75' lang='lat' dir='ltr'>Caesare,</span> <span class='ocrx_word' id='word_1_48' title='bbox 2439 681 2500 742; x_wconf 90' lang='lat' dir='ltr'>in</span> <span class='ocrx_word' id='word_1_49' title='bbox 2528 683 2817 747; x_wconf 82' lang='lat' dir='ltr'>Africam</span> 
     </span>
    </p>
   </div>
   <div class='ocr_carea' id='block_1_9' title="bbox 348 760 2817 1535">
    <p class='ocr_par' dir='ltr' id='par_1_9' title="bbox 348 760 2817 1535">
     <span class='ocr_line' id='line_1_10' title="bbox 425 760 2815 847; baseline -0.002 -12"><span class='ocrx_word' id='word_1_50' title='bbox 425 785 708 834; x_wconf 85' lang='lat' dir='ltr'>venerat:</span> <span class='ocrx_word' id='word_1_51' title='bbox 755 768 1142 847; x_wconf 79' lang='lat' dir='ltr'>legionesque</span> <span class='ocrx_word' id='word_1_52' title='bbox 1172 786 1274 826; x_wconf 88' lang='lat' dir='ltr'>eas</span> <span class='ocrx_word' id='word_1_53' title='bbox 1306 764 1730 825; x_wconf 77' lang='lat' dir='ltr'>transduxerat</span> <span class='ocrx_word' id='word_1_54' title='bbox 1760 760 1975 838; x_wconf 86' lang='lat' dir='ltr'>Curio,</span> <span class='ocrx_word' id='word_1_55' title='bbox 2006 780 2159 843; x_wconf 87' lang='lat' dir='ltr'>quas</span> <span class='ocrx_word' id='word_1_56' title='bbox 2198 765 2605 846; x_wconf 86' lang='lat' dir='ltr'>superioribus</span> <span class='ocrx_word' id='word_1_57' title='bbox 2652 783 2815 831; x_wconf 85' lang='lat' dir='ltr'>tem-</span> 
     </span>
     <span class='ocr_line' id='line_1_11' title="bbox 424 846 2817 942; baseline -0.001 -24"><span class='ocrx_word' id='word_1_58' title='bbox 424 858 675 942; x_wconf 83' lang='lat' dir='ltr'>poribus</span> <span class='ocrx_word' id='word_1_59' title='bbox 724 852 1003 914; x_wconf 86' lang='lat' dir='ltr'>Corfinio</span> <span class='ocrx_word' id='word_1_60' title='bbox 1033 864 1343 932; x_wconf 80' lang='lat' dir='ltr'>receperat</span> <span class='ocrx_word' id='word_1_61' title='bbox 1373 847 1629 925; x_wconf 81' lang='lat' dir='ltr'>Caesar3</span> <span class='ocrx_word' id='word_1_62' title='bbox 1674 846 1829 909; x_wconf 75' lang='lat' dir='ltr'>adeo</span> <span class='ocrx_word' id='word_1_63' title='bbox 1873 860 1959 923; x_wconf 90' lang='lat' dir='ltr'>ut,</span> <span class='ocrx_word' id='word_1_64' title='bbox 1989 848 2200 931; x_wconf 87' lang='lat' dir='ltr'>paucis</span> <span class='ocrx_word' id='word_1_65' title='bbox 2232 851 2469 911; x_wconf 89' lang='lat' dir='ltr'>mutatis</span> <span class='ocrx_word' id='word_1_66' title='bbox 2499 856 2817 917; x_wconf 86' lang='lat' dir='ltr'>centurio-</span> 
     </span>
     <span class='ocr_line' id='line_1_12' title="bbox 429 931 2815 1022; baseline -0.001 -18"><span class='ocrx_word' id='word_1_67' title='bbox 429 943 625 1016; x_wconf 86' lang='lat' dir='ltr'>nibus,</span> <span class='ocrx_word' id='word_1_68' title='bbox 657 939 836 1001; x_wconf 87' lang='lat' dir='ltr'>iidem</span> <span class='ocrx_word' id='word_1_69' title='bbox 869 937 1130 1013; x_wconf 77' lang='lat' dir='ltr'>ordiueS‚</span> <span class='ocrx_word' id='word_1_70' title='bbox 1163 934 1577 1017; x_wconf 84' lang='lat' dir='ltr'>manipulique</span> <span class='ocrx_word' id='word_1_71' title='bbox 1605 946 1967 994; x_wconf 83' lang='lat' dir='ltr'>constarent.</span> <span class='ocrx_word' id='word_1_72' title='bbox 2054 931 2239 995; x_wconf 90' lang='lat' dir='ltr'>Hanc</span> <span class='ocrx_word' id='word_1_73' title='bbox 2284 949 2493 997; x_wconf 86' lang='lat' dir='ltr'>nactus</span> <span class='ocrx_word' id='word_1_74' title='bbox 2532 940 2815 1022; x_wconf 89' lang='lat' dir='ltr'>appella-</span> 
     </span>
     <span class='ocr_line' id='line_1_13' title="bbox 425 1016 2815 1103; baseline -0 -15"><span class='ocrx_word' id='word_1_75' title='bbox 425 1026 606 1089; x_wconf 84' lang='lat' dir='ltr'>tionis</span> <span class='ocrx_word' id='word_1_76' title='bbox 636 1045 910 1086; x_wconf 83' lang='lat' dir='ltr'>caussam</span> <span class='ocrx_word' id='word_1_77' title='bbox 951 1018 1337 1103; x_wconf 78' lang='lat' dir='ltr'>Quinctilius,</span> <span class='ocrx_word' id='word_1_78' title='bbox 1364 1019 1684 1081; x_wconf 90' lang='lat' dir='ltr'>circumire</span> <span class='ocrx_word' id='word_1_79' title='bbox 1713 1018 1900 1080; x_wconf 87' lang='lat' dir='ltr'>aciem</span> <span class='ocrx_word' id='word_1_80' title='bbox 1935 1016 2244 1093; x_wconf 75' lang='lat' dir='ltr'>CurioniS,</span> <span class='ocrx_word' id='word_1_81' title='bbox 2272 1034 2452 1102; x_wconf 90' lang='lat' dir='ltr'>atque</span> <span class='ocrx_word' id='word_1_82' title='bbox 2482 1025 2815 1087; x_wconf 77' lang='lat' dir='ltr'>obsecrare</span> 
     </span>
     <span class='ocr_line' id='line_1_14' title="bbox 348 1101 2811 1193; baseline -0 -19"><span class='ocrx_word' id='word_1_83' title='bbox 348 1111 642 1174; x_wconf 78' lang='lat' dir='ltr'>lomilites</span> <span class='ocrx_word' id='word_1_84' title='bbox 672 1110 877 1192; x_wconf 88' lang='lat' dir='ltr'>coepit,</span> <span class='ocrx_word' id='word_1_85' title='bbox 910 1129 984 1169; x_wconf 90' lang='lat' dir='ltr'>ne</span> <span class='ocrx_word' id='word_1_86' title='bbox 1013 1107 1191 1190; x_wconf 87' lang='lat' dir='ltr'>primi</span> <span class='ocrx_word' id='word_1_87' title='bbox 1221 1104 1605 1180; x_wconf 83' lang='lat' dir='ltr'>sacramenti,</span> <span class='ocrx_word' id='word_1_88' title='bbox 1645 1103 1809 1184; x_wconf 88' lang='lat' dir='ltr'>quod</span> <span class='ocrx_word' id='word_1_89' title='bbox 1841 1104 2002 1186; x_wconf 88' lang='lat' dir='ltr'>apud</span> <span class='ocrx_word' id='word_1_90' title='bbox 2032 1101 2393 1182; x_wconf 87' lang='lat' dir='ltr'>Domitium,</span> <span class='ocrx_word' id='word_1_91' title='bbox 2428 1122 2609 1190; x_wconf 84' lang='lat' dir='ltr'>atque</span> <span class='ocrx_word' id='word_1_92' title='bbox 2639 1112 2811 1193; x_wconf 87' lang='lat' dir='ltr'>apud</span> 
     </span>
     <span class='ocr_line' id='line_1_15' title="bbox 425 1189 2809 1279; baseline -0.001 -19"><span class='ocrx_word' id='word_1_93' title='bbox 425 1218 490 1259; x_wconf 84' lang='lat' dir='ltr'>se</span> <span class='ocrx_word' id='word_1_94' title='bbox 520 1209 881 1279; x_wconf 84' lang='lat' dir='ltr'>quaestorem</span> <span class='ocrx_word' id='word_1_95' title='bbox 912 1193 1222 1267; x_wconf 83' lang='lat' dir='ltr'>dixissent,</span> <span class='ocrx_word' id='word_1_96' title='bbox 1257 1189 1609 1253; x_wconf 85' lang='lat' dir='ltr'>memoriam</span> <span class='ocrx_word' id='word_1_97' title='bbox 1642 1189 2048 1271; x_wconf 80' lang='lat' dir='ltr'>deponerent3</span> <span class='ocrx_word' id='word_1_98' title='bbox 2109 1210 2225 1250; x_wconf 90' lang='lat' dir='ltr'>neu</span> <span class='ocrx_word' id='word_1_99' title='bbox 2255 1206 2469 1253; x_wconf 82' lang='lat' dir='ltr'>contra</span> <span class='ocrx_word' id='word_1_100' title='bbox 2498 1215 2603 1255; x_wconf 84' lang='lat' dir='ltr'>eos</span> <span class='ocrx_word' id='word_1_101' title='bbox 2632 1217 2809 1258; x_wconf 80' lang='lat' dir='ltr'>arma</span> 
     </span>
     <span class='ocr_line' id='line_1_16' title="bbox 425 1273 2801 1363; baseline -0.001 -18"><span class='ocrx_word' id='word_1_102' title='bbox 425 1281 666 1358; x_wconf 81' lang='lat' dir='ltr'>ferrent,</span> <span class='ocrx_word' id='word_1_103' title='bbox 699 1281 802 1362; x_wconf 90' lang='lat' dir='ltr'>qui</span> <span class='ocrx_word' id='word_1_104' title='bbox 831 1278 1040 1340; x_wconf 68' lang='lat' dir='ltr'>eadem</span> <span class='ocrx_word' id='word_1_105' title='bbox 1072 1293 1267 1339; x_wconf 83' lang='lat' dir='ltr'>essent</span> <span class='ocrx_word' id='word_1_106' title='bbox 1295 1276 1386 1337; x_wconf 90' lang='lat' dir='ltr'>usi</span> <span class='ocrx_word' id='word_1_107' title='bbox 1416 1273 1677 1349; x_wconf 69' lang='lat' dir='ltr'>fortuna,</span> <span class='ocrx_word' id='word_1_108' title='bbox 1708 1275 2039 1356; x_wconf 86' lang='lat' dir='ltr'>eademque</span> <span class='ocrx_word' id='word_1_109' title='bbox 2067 1274 2129 1335; x_wconf 89' lang='lat' dir='ltr'>in</span> <span class='ocrx_word' id='word_1_110' title='bbox 2161 1276 2479 1340; x_wconf 83' lang='lat' dir='ltr'>obsidione</span> <span class='ocrx_word' id='word_1_111' title='bbox 2508 1282 2801 1363; x_wconf 79' lang='lat' dir='ltr'>perpessi:</span> 
     </span>
     <span class='ocr_line' id='line_1_17' title="bbox 425 1358 2803 1450; baseline -0.001 -21"><span class='ocrx_word' id='word_1_112' title='bbox 425 1389 544 1429; x_wconf 90' lang='lat' dir='ltr'>neu</span> <span class='ocrx_word' id='word_1_113' title='bbox 592 1388 706 1450; x_wconf 88' lang='lat' dir='ltr'>pro</span> <span class='ocrx_word' id='word_1_114' title='bbox 753 1364 826 1426; x_wconf 86' lang='lat' dir='ltr'>iis</span> <span class='ocrx_word' id='word_1_115' title='bbox 873 1376 1236 1446; x_wconf 75' lang='lat' dir='ltr'>pugnarent,</span> <span class='ocrx_word' id='word_1_116' title='bbox 1269 1362 1305 1423; x_wconf 73' lang='lat' dir='ltr'>a</span> <span class='ocrx_word' id='word_1_117' title='bbox 1335 1361 1553 1443; x_wconf 88' lang='lat' dir='ltr'>quibus</span> <span class='ocrx_word' id='word_1_118' title='bbox 1600 1358 1967 1421; x_wconf 69' lang='lat' dir='ltr'>contumelia</span> <span class='ocrx_word' id='word_1_119' title='bbox 2013 1360 2288 1442; x_wconf 82' lang='lat' dir='ltr'>persugae</span> <span class='ocrx_word' id='word_1_120' title='bbox 2337 1364 2803 1447; x_wconf 81' lang='lat' dir='ltr'>appellarentur.</span> 
     </span>
     <span class='ocr_line' id='line_1_18' title="bbox 429 1444 2809 1535; baseline -0 -21"><span class='ocrx_word' id='word_1_121' title='bbox 429 1450 545 1514; x_wconf 85' lang='lat' dir='ltr'>His</span> <span class='ocrx_word' id='word_1_122' title='bbox 575 1472 775 1535; x_wconf 87' lang='lat' dir='ltr'>pauca</span> <span class='ocrx_word' id='word_1_123' title='bbox 823 1450 900 1511; x_wconf 92' lang='lat' dir='ltr'>ad</span> <span class='ocrx_word' id='word_1_124' title='bbox 949 1469 1113 1532; x_wconf 88' lang='lat' dir='ltr'>spem</span> <span class='ocrx_word' id='word_1_125' title='bbox 1165 1444 1503 1529; x_wconf 80' lang='lat' dir='ltr'>largitionis</span> <span class='ocrx_word' id='word_1_126' title='bbox 1552 1445 1741 1521; x_wconf 86' lang='lat' dir='ltr'>addit,</span> <span class='ocrx_word' id='word_1_127' title='bbox 1790 1465 1929 1526; x_wconf 86' lang='lat' dir='ltr'>quae</span> <span class='ocrx_word' id='word_1_128' title='bbox 1973 1446 2050 1506; x_wconf 88' lang='lat' dir='ltr'>ab</span> <span class='ocrx_word' id='word_1_129' title='bbox 2097 1446 2205 1506; x_wconf 69' lang='lat' dir='ltr'>suti</span> <span class='ocrx_word' id='word_1_130' title='bbox 2251 1446 2630 1526; x_wconf 86' lang='lat' dir='ltr'>liberalitate,</span> <span class='ocrx_word' id='word_1_131' title='bbox 2660 1451 2712 1512; x_wconf 87' lang='lat' dir='ltr'>si</span> <span class='ocrx_word' id='word_1_132' title='bbox 2745 1472 2809 1513; x_wconf 85' lang='lat' dir='ltr'>se</span> 
     </span>
    </p>
   </div>
   <div class='ocr_carea' id='block_1_10' title="bbox 350 1533 1585 1719">
    <p class='ocr_par' dir='ltr' id='par_1_10' title="bbox 350 1533 1585 1719">
     <span class='ocr_line' id='line_1_19' title="bbox 350 1533 1472 1619; baseline -0.006 -20"><span class='ocrx_word' id='word_1_133' title='bbox 350 1540 609 1619; x_wconf 86' lang='lat' dir='ltr'>l5atque</span> <span class='ocrx_word' id='word_1_134' title='bbox 640 1536 870 1597; x_wconf 90' lang='lat' dir='ltr'>Attium</span> <span class='ocrx_word' id='word_1_135' title='bbox 903 1533 1090 1595; x_wconf 89' lang='lat' dir='ltr'>secuti</span> <span class='ocrx_word' id='word_1_136' title='bbox 1119 1546 1331 1607; x_wconf 88' lang='lat' dir='ltr'>essent,</span> <span class='ocrx_word' id='word_1_137' title='bbox 1365 1552 1472 1593; x_wconf 81' lang='lat' dir='ltr'>exs</span> 
     </span>
     <span class='ocr_line' id='line_1_20' title="bbox 427 1551 1585 1719; baseline -0.008 -33"><span class='ocrx_word' id='word_1_138' title='bbox 427 1623 657 1687; x_wconf 88' lang='lat' dir='ltr'>nullam</span> <span class='ocrx_word' id='word_1_139' title='bbox 689 1621 750 1682; x_wconf 88' lang='lat' dir='ltr'>in</span> <span class='ocrx_word' id='word_1_140' title='bbox 782 1634 1012 1719; x_wconf 77' lang='lat' dir='ltr'>partem</span> <span class='ocrx_word' id='word_1_141' title='bbox 1045 1621 1124 1680; x_wconf 89' lang='lat' dir='ltr'>ab</span> <span class='ocrx_word' id='word_1_142' title='bbox 1155 1618 1422 1680; x_wconf 80' lang='lat' dir='ltr'>exercitu</span> <span class='ocrx_word' id='word_1_143' title='bbox 1453 1551 1585 1677; x_wconf 49' lang='lat' dir='ltr'>g?</span> 
     </span>
    </p>
   </div>
   <div class='ocr_carea' id='block_1_11' title="bbox 429 1705 1197 1856">
    <p class='ocr_par' dir='ltr' id='par_1_11' title="bbox 429 1705 1197 1856">
     <span class='ocr_line' id='line_1_21' title="bbox 429 1705 1197 1856; baseline -0.005 -87"><span class='ocrx_word' id='word_1_144' title='bbox 429 1723 677 1856; x_wconf 55' lang='grc' dir='ltr'>υῐεὲιζιρ</span> <span class='ocrx_word' id='word_1_145' title='bbox 706 1726 917 1790; x_wconf 79' lang='lat' dir='ltr'>copias</span> <span class='ocrx_word' id='word_1_146' title='bbox 947 1705 1197 1766; x_wconf 90' lang='lat' dir='ltr'>reducit.</span> 
     </span>
    </p>
   </div>
   <div class='ocr_carea' id='block_1_12' title="bbox 1559 1530 2807 1702">
    <p class='ocr_par' dir='ltr' id='par_1_12' title="bbox 1559 1530 2807 1702">
     <span class='ocr_line' id='line_1_22' title="bbox 1588 1530 2807 1613; baseline 0.006 -22"><span class='ocrx_word' id='word_1_147' title='bbox 1588 1543 1719 1591; x_wconf 88' lang='lat' dir='ltr'>tare</span> <span class='ocrx_word' id='word_1_148' title='bbox 1747 1531 2051 1592; x_wconf 87' lang='lat' dir='ltr'>deberent.</span> <span class='ocrx_word' id='word_1_149' title='bbox 2108 1530 2247 1593; x_wconf 90' lang='lat' dir='ltr'>Hac</span> <span class='ocrx_word' id='word_1_150' title='bbox 2274 1532 2483 1596; x_wconf 68' lang='lat' dir='ltr'>habita</span> <span class='ocrx_word' id='word_1_151' title='bbox 2508 1536 2807 1613; x_wconf 86' lang='lat' dir='ltr'>oratione,</span> 
     </span>
     <span class='ocr_line' id='line_1_23' title="bbox 1559 1615 2806 1702; baseline 0.006 -26"><span class='ocrx_word' id='word_1_152' title='bbox 1559 1615 1743 1677; x_wconf 88' lang='lat' dir='ltr'>rionis</span> <span class='ocrx_word' id='word_1_153' title='bbox 1788 1616 1855 1676; x_wconf 85' lang='lat' dir='ltr'>fit</span> <span class='ocrx_word' id='word_1_154' title='bbox 1885 1616 2287 1697; x_wconf 81' lang='lat' dir='ltr'>significatio:</span> <span class='ocrx_word' id='word_1_155' title='bbox 2343 1632 2522 1702; x_wconf 87' lang='lat' dir='ltr'>atque</span> <span class='ocrx_word' id='word_1_156' title='bbox 2551 1621 2637 1682; x_wconf 88' lang='lat' dir='ltr'>ita</span> <span class='ocrx_word' id='word_1_157' title='bbox 2668 1643 2806 1684; x_wconf 88' lang='lat' dir='ltr'>suas</span> 
     </span>
    </p>
   </div>
   <div class='ocr_carea' id='block_1_13' title="bbox 643 1786 2807 1867">
    <p class='ocr_par' dir='ltr' id='par_1_13' title="bbox 643 1786 2807 1867">
     <span class='ocr_line' id='line_1_24' title="bbox 643 1786 2807 1867; baseline -0 -13"><span class='ocrx_word' id='word_1_158' title='bbox 643 1790 759 1854; x_wconf 86' lang='lat' dir='ltr'>IX.</span> <span class='ocrx_word' id='word_1_159' title='bbox 814 1792 900 1853; x_wconf 85' lang='lat' dir='ltr'>At</span> <span class='ocrx_word' id='word_1_160' title='bbox 943 1791 1004 1852; x_wconf 92' lang='lat' dir='ltr'>in</span> <span class='ocrx_word' id='word_1_161' title='bbox 1053 1789 1262 1853; x_wconf 85' lang='lat' dir='ltr'>castris</span> <span class='ocrx_word' id='word_1_162' title='bbox 1312 1786 1603 1850; x_wconf 88' lang='lat' dir='ltr'>Curionis</span> <span class='ocrx_word' id='word_1_163' title='bbox 1648 1807 1906 1867; x_wconf 77' lang='lat' dir='ltr'>magnus</span> <span class='ocrx_word' id='word_1_164' title='bbox 1960 1786 2229 1849; x_wconf 89' lang='lat' dir='ltr'>omnium</span> <span class='ocrx_word' id='word_1_165' title='bbox 2286 1789 2528 1853; x_wconf 86' lang='lat' dir='ltr'>incessit</span> <span class='ocrx_word' id='word_1_166' title='bbox 2585 1794 2807 1856; x_wconf 83' lang='lat' dir='ltr'>timor:</span> 
     </span>
    </p>
   </div>
   <div class='ocr_carea' id='block_1_14' title="bbox 429 1872 2286 1955">
    <p class='ocr_par' dir='ltr' id='par_1_14' title="bbox 429 1872 2286 1955">
     <span class='ocr_line' id='line_1_25' title="bbox 429 1872 2286 1955; baseline -0.004 -12"><span class='ocrx_word' id='word_1_167' title='bbox 429 1900 568 1945; x_wconf 87' lang='lat' dir='ltr'>nam</span> <span class='ocrx_word' id='word_1_168' title='bbox 602 1880 651 1940; x_wconf 89' lang='lat' dir='ltr'>is</span> <span class='ocrx_word' id='word_1_169' title='bbox 682 1877 866 1940; x_wconf 89' lang='lat' dir='ltr'>variis</span> <span class='ocrx_word' id='word_1_170' title='bbox 914 1876 1223 1938; x_wconf 84' lang='lat' dir='ltr'>hominum</span> <span class='ocrx_word' id='word_1_171' title='bbox 1274 1872 1648 1936; x_wconf 87' lang='lat' dir='ltr'>sermonibus</span> <span class='ocrx_word' id='word_1_172' title='bbox 1696 1872 1966 1934; x_wconf 82' lang='lat' dir='ltr'>celeriter</span> <span class='ocrx_word' id='word_1_173' title='bbox 2014 1888 2286 1955; x_wconf 82' lang='lat' dir='ltr'>augetur.</span> 
     </span>
    </p>
   </div>
   <div class='ocr_carea' id='block_1_15' title="bbox 2374 1875 2808 1961">
    <p class='ocr_par' dir='ltr' id='par_1_15' title="bbox 2374 1875 2808 1961">
     <span class='ocr_line' id='line_1_26' title="bbox 2374 1875 2808 1961; baseline 0.009 -24"><span class='ocrx_word' id='word_1_174' title='bbox 2374 1875 2808 1961; x_wconf 85' lang='lat' dir='ltr'>Unusquisque</span> 
     </span>
    </p>
   </div>
   <div class='ocr_carea' id='block_1_16' title="bbox 343 1958 2809 2476">
    <p class='ocr_par' dir='ltr' id='par_1_16' title="bbox 343 1958 2809 2476">
     <span class='ocr_line' id='line_1_27' title="bbox 343 1958 2807 2049; baseline -0.001 -21"><span class='ocrx_word' id='word_1_175' title='bbox 343 1966 588 2029; x_wconf 59' lang='lat' dir='ltr'>meniu]</span> <span class='ocrx_word' id='word_1_176' title='bbox 619 1964 936 2049; x_wconf 88' lang='lat' dir='ltr'>opiniones</span> <span class='ocrx_word' id='word_1_177' title='bbox 967 1963 1257 2043; x_wconf 80' lang='lat' dir='ltr'>fingebat,</span> <span class='ocrx_word' id='word_1_178' title='bbox 1304 1973 1364 2021; x_wconf 91' lang='lat' dir='ltr'>et</span> <span class='ocrx_word' id='word_1_179' title='bbox 1411 1960 1489 2020; x_wconf 89' lang='lat' dir='ltr'>ad</span> <span class='ocrx_word' id='word_1_180' title='bbox 1540 1958 1601 2020; x_wconf 91' lang='lat' dir='ltr'>id</span> <span class='ocrx_word' id='word_1_181' title='bbox 1650 1959 1814 2040; x_wconf 91' lang='lat' dir='ltr'>quod</span> <span class='ocrx_word' id='word_1_182' title='bbox 1858 1959 1936 2018; x_wconf 90' lang='lat' dir='ltr'>ab</span> <span class='ocrx_word' id='word_1_183' title='bbox 1980 1958 2101 2020; x_wconf 85' lang='lat' dir='ltr'>alio</span> <span class='ocrx_word' id='word_1_184' title='bbox 2130 1959 2423 2038; x_wconf 85' lang='lat' dir='ltr'>audierat,</span> <span class='ocrx_word' id='word_1_185' title='bbox 2455 1964 2545 2025; x_wconf 85' lang='lat' dir='ltr'>sui</span> <span class='ocrx_word' id='word_1_186' title='bbox 2576 1963 2807 2046; x_wconf 86' lang='lat' dir='ltr'>aliquid</span> 
     </span>
     <span class='ocr_line' id='line_1_28' title="bbox 430 2043 2805 2129; baseline -0.001 -16"><span class='ocrx_word' id='word_1_187' title='bbox 430 2051 659 2113; x_wconf 85' lang='lat' dir='ltr'>timoris</span> <span class='ocrx_word' id='word_1_188' title='bbox 716 2050 999 2111; x_wconf 87' lang='lat' dir='ltr'>addebat.</span> <span class='ocrx_word' id='word_1_189' title='bbox 1089 2044 1227 2107; x_wconf 91' lang='lat' dir='ltr'>Hoc</span> <span class='ocrx_word' id='word_1_190' title='bbox 1287 2045 1392 2106; x_wconf 90' lang='lat' dir='ltr'>ubi</span> <span class='ocrx_word' id='word_1_191' title='bbox 1445 2065 1568 2105; x_wconf 91' lang='lat' dir='ltr'>uno</span> <span class='ocrx_word' id='word_1_192' title='bbox 1622 2056 1868 2105; x_wconf 87' lang='lat' dir='ltr'>auctore</span> <span class='ocrx_word' id='word_1_193' title='bbox 1926 2044 2004 2105; x_wconf 91' lang='lat' dir='ltr'>ad</span> <span class='ocrx_word' id='word_1_194' title='bbox 2064 2043 2265 2128; x_wconf 88' lang='lat' dir='ltr'>plures</span> <span class='ocrx_word' id='word_1_195' title='bbox 2324 2062 2805 2129; x_wconf 81' lang='lat' dir='ltr'>permanaverat,</span> 
     </span>
     <span class='ocr_line' id='line_1_29' title="bbox 428 2120 2803 2217; baseline -0.001 -18"><span class='ocrx_word' id='word_1_196' title='bbox 428 2150 606 2217; x_wconf 85' lang='lat' dir='ltr'>atque</span> <span class='ocrx_word' id='word_1_197' title='bbox 664 2134 816 2195; x_wconf 86' lang='lat' dir='ltr'>alins</span> <span class='ocrx_word' id='word_1_198' title='bbox 870 2133 973 2194; x_wconf 89' lang='lat' dir='ltr'>alii</span> <span class='ocrx_word' id='word_1_199' title='bbox 1027 2130 1446 2205; x_wconf 87' lang='lat' dir='ltr'>transdiderat,</span> <span class='ocrx_word' id='word_1_200' title='bbox 1501 2129 1702 2212; x_wconf 86' lang='lat' dir='ltr'>plures</span> <span class='ocrx_word' id='word_1_201' title='bbox 1757 2120 2032 2189; x_wconf 79' lang='lat' dir='ltr'>auctores</span> <span class='ocrx_word' id='word_1_202' title='bbox 2090 2132 2218 2211; x_wconf 87' lang='lat' dir='ltr'>ejus</span> <span class='ocrx_word' id='word_1_203' title='bbox 2275 2132 2361 2193; x_wconf 88' lang='lat' dir='ltr'>rei</span> <span class='ocrx_word' id='word_1_204' title='bbox 2422 2134 2803 2196; x_wconf 82' lang='lat' dir='ltr'>videbantur.</span> 
     </span>
     <span class='ocr_line' id='line_1_30' title="bbox 433 2213 2807 2307; baseline 0 -26"><span class='ocrx_word' id='word_1_205' title='bbox 433 2219 666 2307; x_wconf 88' lang='lat' dir='ltr'>[Civile</span> <span class='ocrx_word' id='word_1_206' title='bbox 697 2218 951 2279; x_wconf 85' lang='lat' dir='ltr'>bellum:</span> <span class='ocrx_word' id='word_1_207' title='bbox 996 2236 1187 2297; x_wconf 83' lang='lat' dir='ltr'>genus</span> <span class='ocrx_word' id='word_1_208' title='bbox 1216 2215 1571 2292; x_wconf 84' lang='lat' dir='ltr'>hominum3</span> <span class='ocrx_word' id='word_1_209' title='bbox 1616 2214 1781 2295; x_wconf 90' lang='lat' dir='ltr'>quod</span> <span class='ocrx_word' id='word_1_210' title='bbox 1830 2213 2034 2276; x_wconf 87' lang='lat' dir='ltr'>liceret</span> <span class='ocrx_word' id='word_1_211' title='bbox 2062 2214 2252 2277; x_wconf 74' lang='lat' dir='ltr'>libere</span> <span class='ocrx_word' id='word_1_212' title='bbox 2284 2216 2502 2294; x_wconf 84' lang='lat' dir='ltr'>facere,</span> <span class='ocrx_word' id='word_1_213' title='bbox 2550 2234 2612 2281; x_wconf 90' lang='lat' dir='ltr'>et</span> <span class='ocrx_word' id='word_1_214' title='bbox 2640 2221 2807 2303; x_wconf 84' lang='lat' dir='ltr'>sequi</span> 
     </span>
     <span class='ocr_line' id='line_1_31' title="bbox 429 2298 2809 2388; baseline 0.001 -22"><span class='ocrx_word' id='word_1_215' title='bbox 429 2305 593 2388; x_wconf 86' lang='lat' dir='ltr'>quod</span> <span class='ocrx_word' id='word_1_216' title='bbox 622 2302 819 2365; x_wconf 87' lang='lat' dir='ltr'>vellet.</span> <span class='ocrx_word' id='word_1_217' title='bbox 906 2300 1212 2382; x_wconf 76' lang='lat' dir='ltr'>Legiones</span> <span class='ocrx_word' id='word_1_218' title='bbox 1243 2322 1354 2375; x_wconf 89' lang='lat' dir='ltr'>eae,</span> <span class='ocrx_word' id='word_1_219' title='bbox 1387 2321 1528 2382; x_wconf 88' lang='lat' dir='ltr'>quae</span> <span class='ocrx_word' id='word_1_220' title='bbox 1580 2298 1784 2382; x_wconf 75' lang='lat' dir='ltr'>paullo</span> <span class='ocrx_word' id='word_1_221' title='bbox 1818 2299 1959 2360; x_wconf 76' lang='lat' dir='ltr'>ante</span> <span class='ocrx_word' id='word_1_222' title='bbox 1991 2300 2155 2383; x_wconf 86' lang='lat' dir='ltr'>apud</span> <span class='ocrx_word' id='word_1_223' title='bbox 2175 2303 2552 2367; x_wconf 83' lang='lat' dir='ltr'>adversarios</span> <span class='ocrx_word' id='word_1_224' title='bbox 2574 2304 2809 2370; x_wconf 84' lang='lat' dir='ltr'>fueraut</span> 
     </span>
     <span class='ocr_line' id='line_1_32' title="bbox 344 2387 2805 2476; baseline -0 -22"><span class='ocrx_word' id='word_1_225' title='bbox 344 2390 600 2476; x_wconf 78' lang='lat' dir='ltr'>25(nam</span> <span class='ocrx_word' id='word_1_226' title='bbox 649 2389 828 2451; x_wconf 88' lang='lat' dir='ltr'>etiam</span> <span class='ocrx_word' id='word_1_227' title='bbox 862 2387 1131 2450; x_wconf 88' lang='lat' dir='ltr'>Caesaris</span> <span class='ocrx_word' id='word_1_228' title='bbox 1163 2387 1522 2449; x_wconf 89' lang='lat' dir='ltr'>beneficium</span> <span class='ocrx_word' id='word_1_229' title='bbox 1574 2397 1913 2446; x_wconf 84' lang='lat' dir='ltr'>mutaverat</span> <span class='ocrx_word' id='word_1_230' title='bbox 1939 2388 2312 2448; x_wconf 88' lang='lat' dir='ltr'>consuetudo</span> <span class='ocrx_word' id='word_1_231' title='bbox 2370 2391 2493 2471; x_wconf 72' lang='lat' dir='ltr'>qua</span> <span class='ocrx_word' id='word_1_232' title='bbox 2522 2390 2805 2453; x_wconf 78' lang='lat' dir='ltr'>offerren-</span> 
     </span>
    </p>
   </div>
   <div class='ocr_carea' id='block_1_17' title="bbox 426 2470 2170 2557">
    <p class='ocr_par' dir='ltr' id='par_1_17' title="bbox 426 2470 2170 2557">
     <span class='ocr_line' id='line_1_33' title="bbox 426 2470 2170 2557; baseline -0.003 -18"><span class='ocrx_word' id='word_1_233' title='bbox 426 2490 523 2550; x_wconf 84' lang='lat' dir='ltr'>tur</span> <span class='ocrx_word' id='word_1_234' title='bbox 573 2474 900 2557; x_wconf 87' lang='lat' dir='ltr'>municipia</span> <span class='ocrx_word' id='word_1_235' title='bbox 948 2473 1131 2535; x_wconf 87' lang='lat' dir='ltr'>etiam</span> <span class='ocrx_word' id='word_1_236' title='bbox 1186 2471 1452 2536; x_wconf 83' lang='lat' dir='ltr'>adversis</span> <span class='ocrx_word' id='word_1_237' title='bbox 1500 2470 1774 2555; x_wconf 89' lang='lat' dir='ltr'>partibus</span> <span class='ocrx_word' id='word_1_238' title='bbox 1826 2472 2170 2552; x_wconf 90' lang='lat' dir='ltr'>conjuncta.</span> 
     </span>
    </p>
   </div>
   <div class='ocr_carea' id='block_1_18' title="bbox 2322 2477 2806 2558">
    <p class='ocr_par' dir='ltr' id='par_1_18' title="bbox 2322 2477 2806 2558">
     <span class='ocr_line' id='line_1_34' title="bbox 2322 2477 2806 2558; baseline 0.006 -20"><span class='ocrx_word' id='word_1_239' title='bbox 2322 2496 2474 2558; x_wconf 84' lang='lat' dir='ltr'>eque</span> <span class='ocrx_word' id='word_1_240' title='bbox 2521 2477 2683 2539; x_wconf 87' lang='lat' dir='ltr'>enim</span> <span class='ocrx_word' id='word_1_241' title='bbox 2731 2499 2806 2541; x_wconf 81' lang='lat' dir='ltr'>ex</span> 
     </span>
    </p>
   </div>
   <div class='ocr_carea' id='block_1_19' title="bbox 426 2556 2803 2815">
    <p class='ocr_par' dir='ltr' id='par_1_19' title="bbox 426 2556 2803 2815">
     <span class='ocr_line' id='line_1_35' title="bbox 426 2556 2802 2641; baseline 0.001 -19"><span class='ocrx_word' id='word_1_242' title='bbox 426 2560 650 2623; x_wconf 84' lang='lat' dir='ltr'>Marsis</span> <span class='ocrx_word' id='word_1_243' title='bbox 679 2559 1075 2641; x_wconf 83' lang='lat' dir='ltr'>Pelignisque</span> <span class='ocrx_word' id='word_1_244' title='bbox 1103 2558 1445 2632; x_wconf 85' lang='lat' dir='ltr'>veniebant,</span> <span class='ocrx_word' id='word_1_245' title='bbox 1477 2569 1545 2617; x_wconf 91' lang='lat' dir='ltr'>ut</span> <span class='ocrx_word' id='word_1_246' title='bbox 1574 2556 1677 2637; x_wconf 91' lang='lat' dir='ltr'>qui</span> <span class='ocrx_word' id='word_1_247' title='bbox 1708 2557 2013 2638; x_wconf 89' lang='lat' dir='ltr'>superiore</span> <span class='ocrx_word' id='word_1_248' title='bbox 2050 2574 2225 2620; x_wconf 89' lang='lat' dir='ltr'>nocte</span> <span class='ocrx_word' id='word_1_249' title='bbox 2270 2559 2331 2621; x_wconf 88' lang='lat' dir='ltr'>in</span> <span class='ocrx_word' id='word_1_250' title='bbox 2380 2564 2802 2638; x_wconf 82' lang='lat' dir='ltr'>contuberniis,</span> 
     </span>
     <span class='ocr_line' id='line_1_36' title="bbox 428 2641 2803 2728; baseline 0 -20"><span class='ocrx_word' id='word_1_251' title='bbox 428 2645 988 2728; x_wconf 87' lang='lat' dir='ltr'>commilitonesque</span> <span class='ocrx_word' id='word_1_252' title='bbox 1037 2641 1312 2705; x_wconf 89' lang='lat' dir='ltr'>nonnulli</span> <span class='ocrx_word' id='word_1_253' title='bbox 1361 2641 1673 2723; x_wconf 76' lang='lat' dir='ltr'>graviores</span> <span class='ocrx_word' id='word_1_254' title='bbox 1722 2662 2025 2702; x_wconf 84' lang='lat' dir='ltr'>sermones</span> <span class='ocrx_word' id='word_1_255' title='bbox 2071 2644 2324 2706; x_wconf 89' lang='lat' dir='ltr'>militum</span> <span class='ocrx_word' id='word_1_256' title='bbox 2364 2646 2553 2728; x_wconf 73' lang='lat' dir='ltr'>vulgo</span> <span class='ocrx_word' id='word_1_257' title='bbox 2602 2648 2803 2710; x_wconf 79' lang='lat' dir='ltr'>durius</span> 
     </span>
     <span class='ocr_line' id='line_1_37' title="bbox 429 2725 2801 2815; baseline 0.001 -22"><span class='ocrx_word' id='word_1_258' title='bbox 429 2731 828 2815; x_wconf 89' lang='lat' dir='ltr'>accipiebant.</span> <span class='ocrx_word' id='word_1_259' title='bbox 916 2727 1234 2791; x_wconf 85' lang='lat' dir='ltr'>Nonnulla</span> <span class='ocrx_word' id='word_1_260' title='bbox 1261 2727 1444 2790; x_wconf 87' lang='lat' dir='ltr'>etiam</span> <span class='ocrx_word' id='word_1_261' title='bbox 1477 2728 1556 2788; x_wconf 88' lang='lat' dir='ltr'>ab</span> <span class='ocrx_word' id='word_1_262' title='bbox 1586 2725 1678 2802; x_wconf 79' lang='lat' dir='ltr'>iis,</span> <span class='ocrx_word' id='word_1_263' title='bbox 1710 2725 1813 2807; x_wconf 87' lang='lat' dir='ltr'>qui</span> <span class='ocrx_word' id='word_1_264' title='bbox 1844 2726 2256 2808; x_wconf 83' lang='lat' dir='ltr'>diligentiores</span> <span class='ocrx_word' id='word_1_265' title='bbox 2283 2731 2470 2794; x_wconf 89' lang='lat' dir='ltr'>videri</span> <span class='ocrx_word' id='word_1_266' title='bbox 2501 2733 2801 2810; x_wconf 82' lang='lat' dir='ltr'>volebant,</span> 
     </span>
    </p>
   </div>
   <div class='ocr_carea' id='block_1_20' title="bbox 347 2814 869 2901">
    <p class='ocr_par' dir='ltr' id='par_1_20' title="bbox 347 2814 869 2901">
     <span class='ocr_line' id='line_1_38' title="bbox 347 2814 869 2901; baseline -0.01 -20"><span class='ocrx_word' id='word_1_267' title='bbox 347 2814 869 2901; x_wconf 67' lang='lat' dir='ltr'>SOfingebantun]</span> 
     </span>
    </p>
   </div>
   <div class='ocr_carea' id='block_1_21' title="bbox 511 2896 2803 2984">
    <p class='ocr_par' dir='ltr' id='par_1_21' title="bbox 511 2896 2803 2984">
     <span class='ocr_line' id='line_1_39' title="bbox 511 2896 2803 2984; baseline 0.002 -19"><span class='ocrx_word' id='word_1_268' title='bbox 511 2899 726 2972; x_wconf 87' lang='lat' dir='ltr'>XXX.</span> <span class='ocrx_word' id='word_1_269' title='bbox 783 2901 1025 2984; x_wconf 81' lang='lat' dir='ltr'>Quibus</span> <span class='ocrx_word' id='word_1_270' title='bbox 1072 2901 1148 2962; x_wconf 91' lang='lat' dir='ltr'>de</span> <span class='ocrx_word' id='word_1_271' title='bbox 1195 2898 1442 2975; x_wconf 82' lang='lat' dir='ltr'>caussis,</span> <span class='ocrx_word' id='word_1_272' title='bbox 1492 2896 1756 2959; x_wconf 90' lang='lat' dir='ltr'>concilio</span> <span class='ocrx_word' id='word_1_273' title='bbox 1801 2915 2161 2978; x_wconf 85' lang='lat' dir='ltr'>convocato,</span> <span class='ocrx_word' id='word_1_274' title='bbox 2207 2901 2283 2963; x_wconf 89' lang='lat' dir='ltr'>de</span> <span class='ocrx_word' id='word_1_275' title='bbox 2330 2905 2565 2967; x_wconf 67' lang='lat' dir='ltr'>summa</span> <span class='ocrx_word' id='word_1_276' title='bbox 2615 2928 2803 2968; x_wconf 87' lang='lat' dir='ltr'>rerum</span> 
     </span>
    </p>
   </div>
   <div class='ocr_carea' id='block_1_22' title="bbox 429 2987 1019 3072">
    <p class='ocr_par' dir='ltr' id='par_1_22' title="bbox 429 2987 1019 3072">
     <span class='ocr_line' id='line_1_40' title="bbox 429 2987 1019 3072; baseline -0.007 -20"><span class='ocrx_word' id='word_1_277' title='bbox 429 2989 760 3052; x_wconf 86' lang='lat' dir='ltr'>deliberare</span> <span class='ocrx_word' id='word_1_278' title='bbox 791 2987 1019 3072; x_wconf 90' lang='lat' dir='ltr'>incipit.</span> 
     </span>
    </p>
   </div>
   <div class='ocr_carea' id='block_1_23' title="bbox 1110 2983 2803 3068">
    <p class='ocr_par' dir='ltr' id='par_1_23' title="bbox 1110 2983 2803 3068">
     <span class='ocr_line' id='line_1_41' title="bbox 1110 2983 2803 3068; baseline 0.005 -22"><span class='ocrx_word' id='word_1_279' title='bbox 1110 2985 1310 3047; x_wconf 88' lang='lat' dir='ltr'>Erant</span> <span class='ocrx_word' id='word_1_280' title='bbox 1353 2983 1686 3059; x_wconf 63' lang='lat' dir='ltr'>sententiae,</span> <span class='ocrx_word' id='word_1_281' title='bbox 1719 3006 1857 3065; x_wconf 83' lang='lat' dir='ltr'>quae</span> <span class='ocrx_word' id='word_1_282' title='bbox 1888 2986 2232 3047; x_wconf 88' lang='lat' dir='ltr'>conandum</span> <span class='ocrx_word' id='word_1_283' title='bbox 2265 2990 2547 3052; x_wconf 88' lang='lat' dir='ltr'>omnibus</span> <span class='ocrx_word' id='word_1_284' title='bbox 2596 2992 2803 3068; x_wconf 73' lang='lat' dir='ltr'>modiS,</span> 
     </span>
    </p>
   </div>
   <div class='ocr_carea' id='block_1_24' title="bbox 430 3070 2803 3157">
    <p class='ocr_par' dir='ltr' id='par_1_24' title="bbox 430 3070 2803 3157">
     <span class='ocr_line' id='line_1_42' title="bbox 430 3070 2803 3157; baseline -0 -19"><span class='ocrx_word' id='word_1_285' title='bbox 430 3088 748 3157; x_wconf 83' lang='lat' dir='ltr'>castraque</span> <span class='ocrx_word' id='word_1_286' title='bbox 806 3071 958 3135; x_wconf 90' lang='lat' dir='ltr'>Vari</span> <span class='ocrx_word' id='word_1_287' title='bbox 1015 3071 1436 3157; x_wconf 79' lang='lat' dir='ltr'>oppugnanda</span> <span class='ocrx_word' id='word_1_288' title='bbox 1493 3083 1833 3148; x_wconf 82' lang='lat' dir='ltr'>censerent3</span> <span class='ocrx_word' id='word_1_289' title='bbox 1900 3070 2085 3152; x_wconf 74' lang='lat' dir='ltr'>quod,</span> <span class='ocrx_word' id='word_1_290' title='bbox 2146 3071 2488 3155; x_wconf 87' lang='lat' dir='ltr'>hujusmodi</span> <span class='ocrx_word' id='word_1_291' title='bbox 2558 3077 2803 3139; x_wconf 87' lang='lat' dir='ltr'>militum</span> 
     </span>
    </p>
   </div>
   <div class='ocr_carea' id='block_1_25' title="bbox 345 3244 1557 4606">
    <p class='ocr_par' dir='ltr' id='par_1_25' title="bbox 346 3244 1553 3558">
     <span class='ocr_line' id='line_1_43' title="bbox 406 3244 1551 3309; baseline -0.004 -12"><span class='ocrx_word' id='word_1_292' title='bbox 406 3253 453 3298; x_wconf 81' lang='grc'>4.</span> <span class='ocrx_word' id='word_1_293' title='bbox 479 3253 602 3297; x_wconf 72' lang='lat' dir='ltr'>Sext.</span> <span class='ocrx_word' id='word_1_294' title='bbox 628 3248 908 3309; x_wconf 68' lang='lat' dir='ltr'>Quinctilius</span> <span class='ocrx_word' id='word_1_295' title='bbox 933 3247 1114 3307; x_wconf 49' lang='lat' dir='ltr'>Vama]</span> <span class='ocrx_word' id='word_1_296' title='bbox 1171 3247 1218 3292; x_wconf 81' lang='lat' dir='ltr'>Is</span> <span class='ocrx_word' id='word_1_297' title='bbox 1234 3253 1343 3304; x_wconf 79' lang='lat' dir='ltr'>post</span> <span class='ocrx_word' id='word_1_298' title='bbox 1360 3244 1551 3292; x_wconf 69' lang='lat' dir='ltr'>cladem</span> 
     </span>
     <span class='ocr_line' id='line_1_44' title="bbox 348 3306 1551 3370; baseline -0.007 -10"><span class='ocrx_word' id='word_1_299' title='bbox 348 3316 398 3360; x_wconf 89' lang='lat' dir='ltr'>in</span> <span class='ocrx_word' id='word_1_300' title='bbox 431 3312 662 3370; x_wconf 81' lang='lat' dir='ltr'>Philippis</span> <span class='ocrx_word' id='word_1_301' title='bbox 696 3319 963 3370; x_wconf 80' lang='lat' dir='ltr'>acceptam,</span> <span class='ocrx_word' id='word_1_302' title='bbox 987 3306 1180 3368; x_wconf 68' lang='lat' dir='ltr'>propria</span> <span class='ocrx_word' id='word_1_303' title='bbox 1211 3321 1355 3353; x_wconf 84' lang='lat' dir='ltr'>manu</span> <span class='ocrx_word' id='word_1_304' title='bbox 1393 3307 1551 3366; x_wconf 82' lang='lat' dir='ltr'>periit,</span> 
     </span>
     <span class='ocr_line' id='line_1_45' title="bbox 346 3370 1551 3435; baseline -0.008 -12"><span class='ocrx_word' id='word_1_305' title='bbox 346 3375 485 3435; x_wconf 69' lang='lat' dir='ltr'>enjus</span> <span class='ocrx_word' id='word_1_306' title='bbox 507 3373 628 3419; x_wconf 82' lang='lat' dir='ltr'>filius</span> <span class='ocrx_word' id='word_1_307' title='bbox 659 3372 936 3425; x_wconf 80' lang='lat' dir='ltr'>Quinctilius</span> <span class='ocrx_word' id='word_1_308' title='bbox 962 3371 1114 3417; x_wconf 78' lang='lat' dir='ltr'>Varus</span> <span class='ocrx_word' id='word_1_309' title='bbox 1137 3370 1282 3429; x_wconf 81' lang='lat' dir='ltr'>longo</span> <span class='ocrx_word' id='word_1_310' title='bbox 1303 3376 1412 3427; x_wconf 85' lang='lat' dir='ltr'>post</span> <span class='ocrx_word' id='word_1_311' title='bbox 1433 3379 1551 3414; x_wconf 84' lang='lat' dir='ltr'>tem-</span> 
     </span>
     <span class='ocr_line' id='line_1_46' title="bbox 347 3431 1553 3496; baseline -0.006 -12"><span class='ocrx_word' id='word_1_312' title='bbox 347 3452 464 3496; x_wconf 87' lang='lat' dir='ltr'>pore</span> <span class='ocrx_word' id='word_1_313' title='bbox 479 3450 589 3483; x_wconf 82' lang='lat' dir='ltr'>cum</span> <span class='ocrx_word' id='word_1_314' title='bbox 608 3435 759 3481; x_wconf 85' lang='lat' dir='ltr'>tribus</span> <span class='ocrx_word' id='word_1_315' title='bbox 777 3433 1041 3494; x_wconf 76' lang='lat' dir='ltr'>legionibus</span> <span class='ocrx_word' id='word_1_316' title='bbox 1060 3433 1109 3478; x_wconf 85' lang='lat' dir='ltr'>in</span> <span class='ocrx_word' id='word_1_317' title='bbox 1126 3431 1384 3478; x_wconf 62' lang='lat' dir='ltr'>Germania</span> <span class='ocrx_word' id='word_1_318' title='bbox 1401 3445 1553 3478; x_wconf 71' lang='lat' dir='ltr'>cresus</span> 
     </span>
     <span class='ocr_line' id='line_1_47' title="bbox 348 3497 973 3558; baseline -0.01 -11"><span class='ocrx_word' id='word_1_319' title='bbox 348 3508 437 3556; x_wconf 84' lang='lat' dir='ltr'>est,</span> <span class='ocrx_word' id='word_1_320' title='bbox 461 3502 676 3558; x_wconf 81' lang='lat' dir='ltr'>Augusto</span> <span class='ocrx_word' id='word_1_321' title='bbox 694 3497 973 3555; x_wconf 83' lang='lat' dir='ltr'>imperante.</span> 
     </span>
    </p>

    <p class='ocr_par' dir='ltr' id='par_1_26' title="bbox 349 3555 1553 3922">
     <span class='ocr_line' id='line_1_48' title="bbox 409 3555 1553 3621; baseline -0.007 -13"><span class='ocrx_word' id='word_1_322' title='bbox 409 3563 485 3608; x_wconf 71' lang='lat'>20.</span> <span class='ocrx_word' id='word_1_323' title='bbox 502 3559 577 3608; x_wconf 67' lang='lat' dir='ltr'>Aa</span> <span class='ocrx_word' id='word_1_324' title='bbox 596 3558 647 3605; x_wconf 80' lang='lat' dir='ltr'>id</span> <span class='ocrx_word' id='word_1_325' title='bbox 661 3557 785 3621; x_wconf 79' lang='lat' dir='ltr'>quod</span> <span class='ocrx_word' id='word_1_326' title='bbox 804 3558 862 3605; x_wconf 82' lang='lat' dir='ltr'>ab</span> <span class='ocrx_word' id='word_1_327' title='bbox 884 3558 979 3605; x_wconf 76' lang='lat' dir='ltr'>alio</span> <span class='ocrx_word' id='word_1_328' title='bbox 996 3556 1225 3612; x_wconf 76' lang='lat' dir='ltr'>andierat,</span> <span class='ocrx_word' id='word_1_329' title='bbox 1250 3555 1358 3617; x_wconf 47' lang='lat' dir='ltr'>Sua]</span> <span class='ocrx_word' id='word_1_330' title='bbox 1407 3556 1479 3601; x_wconf 82' lang='lat' dir='ltr'>Ad</span> <span class='ocrx_word' id='word_1_331' title='bbox 1504 3556 1553 3601; x_wconf 89' lang='lat' dir='ltr'>id</span> 
     </span>
     <span class='ocr_line' id='line_1_49' title="bbox 349 3618 1552 3685; baseline -0.006 -14"><span class='ocrx_word' id='word_1_332' title='bbox 349 3626 478 3685; x_wconf 80' lang='lat' dir='ltr'>quod</span> <span class='ocrx_word' id='word_1_333' title='bbox 501 3623 716 3670; x_wconf 85' lang='lat' dir='ltr'>audierat</span> <span class='ocrx_word' id='word_1_334' title='bbox 735 3620 828 3667; x_wconf 89' lang='lat' dir='ltr'>dici</span> <span class='ocrx_word' id='word_1_335' title='bbox 850 3619 878 3668; x_wconf 81' lang='lat' dir='ltr'>&#39;a</span> <span class='ocrx_word' id='word_1_336' title='bbox 900 3620 1046 3666; x_wconf 86' lang='lat' dir='ltr'>milite</span> <span class='ocrx_word' id='word_1_337' title='bbox 1069 3621 1278 3679; x_wconf 73' lang='lat' dir='ltr'>quodmn</span> <span class='ocrx_word' id='word_1_338' title='bbox 1300 3618 1444 3678; x_wconf 79' lang='lat' dir='ltr'>paulo</span> <span class='ocrx_word' id='word_1_339' title='bbox 1466 3618 1552 3664; x_wconf 84' lang='lat' dir='ltr'>ini·</span> 
     </span>
     <span class='ocr_line' id='line_1_50' title="bbox 350 3681 1553 3748; baseline -0.007 -14"><span class='ocrx_word' id='word_1_340' title='bbox 350 3689 486 3748; x_wconf 82' lang='lat' dir='ltr'>quius</span> <span class='ocrx_word' id='word_1_341' title='bbox 520 3696 570 3732; x_wconf 88' lang='lat' dir='ltr'>et</span> <span class='ocrx_word' id='word_1_342' title='bbox 607 3687 859 3732; x_wconf 83' lang='lat' dir='ltr'>adversum</span> <span class='ocrx_word' id='word_1_343' title='bbox 893 3682 1168 3741; x_wconf 84' lang='lat' dir='ltr'>imperatori</span> <span class='ocrx_word' id='word_1_344' title='bbox 1215 3698 1300 3728; x_wconf 88' lang='lat' dir='ltr'>suo</span> <span class='ocrx_word' id='word_1_345' title='bbox 1336 3681 1553 3736; x_wconf 86' lang='lat' dir='ltr'>Curioni,</span> 
     </span>
     <span class='ocr_line' id='line_1_51' title="bbox 351 3745 1553 3807; baseline -0.007 -10"><span class='ocrx_word' id='word_1_346' title='bbox 351 3752 561 3798; x_wconf 84' lang='lat' dir='ltr'>addebat</span> <span class='ocrx_word' id='word_1_347' title='bbox 594 3748 771 3807; x_wconf 86' lang='lat' dir='ltr'>aliquid</span> <span class='ocrx_word' id='word_1_348' title='bbox 805 3746 931 3792; x_wconf 79' lang='lat' dir='ltr'>aliud</span> <span class='ocrx_word' id='word_1_349' title='bbox 965 3754 1196 3804; x_wconf 66' lang='lat' dir='ltr'>praeterea</span> <span class='ocrx_word' id='word_1_350' title='bbox 1218 3746 1278 3790; x_wconf 87' lang='lat' dir='ltr'>de</span> <span class='ocrx_word' id='word_1_351' title='bbox 1301 3759 1403 3798; x_wconf 82' lang='lat' dir='ltr'>suo,</span> <span class='ocrx_word' id='word_1_352' title='bbox 1426 3745 1553 3801; x_wconf 89' lang='lat' dir='ltr'>quod</span> 
     </span>
     <span class='ocr_line' id='line_1_52' title="bbox 350 3805 1553 3872; baseline -0.007 -13"><span class='ocrx_word' id='word_1_353' title='bbox 350 3814 453 3872; x_wconf 85' lang='lat' dir='ltr'>ipse</span> <span class='ocrx_word' id='word_1_354' title='bbox 476 3812 664 3859; x_wconf 79' lang='lat' dir='ltr'>auditor</span> <span class='ocrx_word' id='word_1_355' title='bbox 684 3810 981 3864; x_wconf 74' lang='lat' dir='ltr'>formidaret,</span> <span class='ocrx_word' id='word_1_356' title='bbox 1013 3822 1108 3852; x_wconf 91' lang='lat' dir='ltr'>non</span> <span class='ocrx_word' id='word_1_357' title='bbox 1143 3806 1342 3854; x_wconf 82' lang='lat' dir='ltr'>dixisset</span> <span class='ocrx_word' id='word_1_358' title='bbox 1374 3805 1451 3852; x_wconf 88' lang='lat' dir='ltr'>ille</span> <span class='ocrx_word' id='word_1_359' title='bbox 1473 3807 1553 3864; x_wconf 90' lang='lat' dir='ltr'>qui</span> 
     </span>
     <span class='ocr_line' id='line_1_53' title="bbox 350 3871 1033 3922; baseline -0.009 0"><span class='ocrx_word' id='word_1_360' title='bbox 350 3878 535 3922; x_wconf 87' lang='lat' dir='ltr'>locutus</span> <span class='ocrx_word' id='word_1_361' title='bbox 553 3876 707 3920; x_wconf 83' lang='lat' dir='ltr'>suerat</span> <span class='ocrx_word' id='word_1_362' title='bbox 730 3874 790 3919; x_wconf 87' lang='lat' dir='ltr'>de</span> <span class='ocrx_word' id='word_1_363' title='bbox 814 3871 1033 3917; x_wconf 86' lang='lat' dir='ltr'>Curione.</span> 
     </span>
    </p>

    <p class='ocr_par' dir='ltr' id='par_1_27' title="bbox 351 3928 1555 4121">
     <span class='ocr_line' id='line_1_54' title="bbox 413 3928 1555 3994; baseline -0.007 -10"><span class='ocrx_word' id='word_1_364' title='bbox 413 3940 490 3984; x_wconf 85' lang='lat'>21.</span> <span class='ocrx_word' id='word_1_365' title='bbox 516 3937 618 3984; x_wconf 83' lang='lat' dir='ltr'>Hoc</span> <span class='ocrx_word' id='word_1_366' title='bbox 640 3936 720 3983; x_wconf 77' lang='lat' dir='ltr'>ubi</span> <span class='ocrx_word' id='word_1_367' title='bbox 742 3950 836 3982; x_wconf 80' lang='lat' dir='ltr'>uno</span> <span class='ocrx_word' id='word_1_368' title='bbox 858 3938 1061 3990; x_wconf 77' lang='lat' dir='ltr'>auctore,</span> <span class='ocrx_word' id='word_1_369' title='bbox 1084 3932 1191 3994; x_wconf 62' lang='grc' dir='ltr'>δια]</span> <span class='ocrx_word' id='word_1_370' title='bbox 1246 3933 1399 3989; x_wconf 80' lang='lat' dir='ltr'>Atque</span> <span class='ocrx_word' id='word_1_371' title='bbox 1432 3928 1555 3976; x_wconf 77' lang='lat' dir='ltr'>adeo</span> 
     </span>
     <span class='ocr_line' id='line_1_55' title="bbox 352 3993 1553 4059; baseline -0.008 -12"><span class='ocrx_word' id='word_1_372' title='bbox 352 4003 560 4047; x_wconf 75' lang='lat' dir='ltr'>terrebat</span> <span class='ocrx_word' id='word_1_373' title='bbox 605 3998 775 4059; x_wconf 77' lang='lat' dir='ltr'>magis,</span> <span class='ocrx_word' id='word_1_374' title='bbox 819 3997 956 4057; x_wconf 82' lang='lat' dir='ltr'>quasi</span> <span class='ocrx_word' id='word_1_375' title='bbox 1001 3995 1168 4042; x_wconf 81' lang='lat' dir='ltr'>suisset</span> <span class='ocrx_word' id='word_1_376' title='bbox 1205 3997 1304 4041; x_wconf 80' lang='lat' dir='ltr'>baec</span> <span class='ocrx_word' id='word_1_377' title='bbox 1341 3993 1553 4041; x_wconf 87' lang='lat' dir='ltr'>omnium</span> 
     </span>
     <span class='ocr_line' id='line_1_56' title="bbox 351 4056 1458 4121; baseline -0.008 -10"><span class='ocrx_word' id='word_1_378' title='bbox 351 4063 604 4119; x_wconf 75' lang='lat' dir='ltr'>sententia,</span> <span class='ocrx_word' id='word_1_379' title='bbox 627 4077 730 4121; x_wconf 79' lang='lat' dir='ltr'>quoe</span> <span class='ocrx_word' id='word_1_380' title='bbox 753 4060 1093 4119; x_wconf 79' lang='lat' dir='ltr'>perhibebatur</span> <span class='ocrx_word' id='word_1_381' title='bbox 1115 4057 1140 4104; x_wconf 68' lang='lat' dir='ltr'>a</span> <span class='ocrx_word' id='word_1_382' title='bbox 1163 4067 1261 4104; x_wconf 83' lang='lat' dir='ltr'>tam</span> <span class='ocrx_word' id='word_1_383' title='bbox 1286 4056 1458 4102; x_wconf 85' lang='lat' dir='ltr'>multis.</span> 
     </span>
    </p>

    <p class='ocr_par' dir='ltr' id='par_1_28' title="bbox 345 4121 1557 4494">
     <span class='ocr_line' id='line_1_57' title="bbox 413 4121 1553 4183; baseline -0.007 -11"><span class='ocrx_word' id='word_1_384' title='bbox 413 4129 488 4172; x_wconf 72' lang='lat'>23.</span> <span class='ocrx_word' id='word_1_385' title='bbox 527 4123 675 4174; x_wconf 72' lang='lat' dir='ltr'>cit-ite</span> <span class='ocrx_word' id='word_1_386' title='bbox 699 4123 888 4177; x_wconf 80' lang='lat' dir='ltr'>bellum,</span> <span class='ocrx_word' id='word_1_387' title='bbox 911 4121 1018 4183; x_wconf 60' lang='lat' dir='ltr'>Ram]</span> <span class='ocrx_word' id='word_1_388' title='bbox 1065 4122 1139 4166; x_wconf 84' lang='lat' dir='ltr'>Ab</span> <span class='ocrx_word' id='word_1_389' title='bbox 1162 4122 1252 4167; x_wconf 81' lang='lat' dir='ltr'>hoc</span> <span class='ocrx_word' id='word_1_390' title='bbox 1274 4121 1380 4166; x_wconf 84' lang='lat' dir='ltr'>loco</span> <span class='ocrx_word' id='word_1_391' title='bbox 1403 4133 1553 4176; x_wconf 85' lang='lat' dir='ltr'>usquc</span> 
     </span>
     <span class='ocr_line' id='line_1_58' title="bbox 353 4181 1555 4249; baseline -0.007 -14"><span class='ocrx_word' id='word_1_392' title='bbox 353 4189 416 4235; x_wconf 72' lang='lat' dir='ltr'>ad</span> <span class='ocrx_word' id='word_1_393' title='bbox 433 4189 609 4249; x_wconf 71' lang='lat' dir='ltr'>Quibus</span> <span class='ocrx_word' id='word_1_394' title='bbox 638 4188 692 4234; x_wconf 76' lang='lat' dir='ltr'>de</span> <span class='ocrx_word' id='word_1_395' title='bbox 709 4184 892 4241; x_wconf 62' lang='lat' dir='ltr'>catanis,</span> <span class='ocrx_word' id='word_1_396' title='bbox 906 4183 1099 4232; x_wconf 65' lang='lat' dir='ltr'>coneilio</span> <span class='ocrx_word' id='word_1_397' title='bbox 1114 4188 1373 4236; x_wconf 72' lang='lat' dir='ltr'>convocato,</span> <span class='ocrx_word' id='word_1_398' title='bbox 1390 4181 1555 4228; x_wconf 80' lang='lat' dir='ltr'>omnia</span> 
     </span>
     <span class='ocr_line' id='line_1_59' title="bbox 352 4244 1557 4303; baseline -0.006 -6"><span class='ocrx_word' id='word_1_399' title='bbox 352 4261 460 4297; x_wconf 84' lang='lat' dir='ltr'>sunt</span> <span class='ocrx_word' id='word_1_400' title='bbox 482 4249 646 4298; x_wconf 81' lang='lat' dir='ltr'>mutila</span> <span class='ocrx_word' id='word_1_401' title='bbox 682 4259 732 4296; x_wconf 89' lang='lat' dir='ltr'>et</span> <span class='ocrx_word' id='word_1_402' title='bbox 768 4251 1015 4303; x_wconf 79' lang='lat' dir='ltr'>mendosa,</span> <span class='ocrx_word' id='word_1_403' title='bbox 1038 4250 1165 4294; x_wconf 88' lang='lat' dir='ltr'>unde</span> <span class='ocrx_word' id='word_1_404' title='bbox 1203 4246 1320 4292; x_wconf 84' lang='lat' dir='ltr'>nibil</span> <span class='ocrx_word' id='word_1_405' title='bbox 1358 4244 1467 4290; x_wconf 85' lang='lat' dir='ltr'>honi</span> <span class='ocrx_word' id='word_1_406' title='bbox 1504 4253 1557 4290; x_wconf 79' lang='lat' dir='ltr'>et</span> 
     </span>
     <span class='ocr_line' id='line_1_60' title="bbox 351 4309 1555 4372; baseline -0.007 -13"><span class='ocrx_word' id='word_1_407' title='bbox 351 4313 456 4359; x_wconf 82' lang='lat' dir='ltr'>sani</span> <span class='ocrx_word' id='word_1_408' title='bbox 479 4328 645 4360; x_wconf 75' lang='lat' dir='ltr'>sensus</span> <span class='ocrx_word' id='word_1_409' title='bbox 667 4312 816 4372; x_wconf 83' lang='lat' dir='ltr'>possit</span> <span class='ocrx_word' id='word_1_410' title='bbox 846 4310 1034 4366; x_wconf 88' lang='lat' dir='ltr'>confici,</span> <span class='ocrx_word' id='word_1_411' title='bbox 1067 4309 1157 4357; x_wconf 78' lang='lat' dir='ltr'>nisi</span> <span class='ocrx_word' id='word_1_412' title='bbox 1190 4310 1319 4355; x_wconf 79' lang='lat' dir='ltr'>locus</span> <span class='ocrx_word' id='word_1_413' title='bbox 1351 4321 1441 4365; x_wconf 83' lang='lat' dir='ltr'>ope</span> <span class='ocrx_word' id='word_1_414' title='bbox 1474 4321 1555 4352; x_wconf 90' lang='lat' dir='ltr'>cu-</span> 
     </span>
     <span class='ocr_line' id='line_1_61' title="bbox 345 4368 1557 4434; baseline -0.002 -15"><span class='ocrx_word' id='word_1_415' title='bbox 345 4374 538 4434; x_wconf 82' lang='lat' dir='ltr'>jusdam</span> <span class='ocrx_word' id='word_1_416' title='bbox 554 4374 842 4432; x_wconf 78' lang='lat' dir='ltr'>exemplaris</span> <span class='ocrx_word' id='word_1_417' title='bbox 859 4373 1069 4420; x_wconf 84' lang='lat' dir='ltr'>melioris</span> <span class='ocrx_word' id='word_1_418' title='bbox 1084 4373 1372 4419; x_wconf 79' lang='lat' dir='ltr'>restituatur.</span> <span class='ocrx_word' id='word_1_419' title='bbox 1404 4368 1557 4417; x_wconf 76' lang='lat' dir='ltr'>Civile</span> 
     </span>
     <span class='ocr_line' id='line_1_62' title="bbox 351 4433 1427 4494; baseline -0.005 -12"><span class='ocrx_word' id='word_1_420' title='bbox 351 4436 542 4491; x_wconf 73' lang='lat' dir='ltr'>bellum,</span> <span class='ocrx_word' id='word_1_421' title='bbox 565 4437 614 4481; x_wconf 87' lang='lat' dir='ltr'>iu</span> <span class='ocrx_word' id='word_1_422' title='bbox 636 4451 730 4494; x_wconf 84' lang='lat' dir='ltr'>quo</span> <span class='ocrx_word' id='word_1_423' title='bbox 748 4437 864 4483; x_wconf 89' lang='lat' dir='ltr'>nihil</span> <span class='ocrx_word' id='word_1_424' title='bbox 881 4445 1117 4492; x_wconf 73' lang='lat' dir='ltr'>zancmm,</span> <span class='ocrx_word' id='word_1_425' title='bbox 1140 4433 1253 4481; x_wconf 87' lang='lat' dir='ltr'>nibil</span> <span class='ocrx_word' id='word_1_426' title='bbox 1277 4442 1427 4490; x_wconf 86' lang='lat' dir='ltr'>turpe.</span> 
     </span>
    </p>

    <p class='ocr_par' dir='ltr' id='par_1_29' title="bbox 351 4492 1555 4606">
     <span class='ocr_line' id='line_1_63' title="bbox 414 4492 1555 4559; baseline -0.006 -14"><span class='ocrx_word' id='word_1_427' title='bbox 414 4499 481 4545; x_wconf 78' lang='lat' dir='ltr'>lb.</span> <span class='ocrx_word' id='word_1_428' title='bbox 513 4498 668 4544; x_wconf 80' lang='lat' dir='ltr'>Genus</span> <span class='ocrx_word' id='word_1_429' title='bbox 686 4499 961 4559; x_wconf 68' lang='lat' dir='ltr'>hominum]</span> <span class='ocrx_word' id='word_1_430' title='bbox 1003 4497 1142 4552; x_wconf 78' lang='lat' dir='ltr'>Quod</span> <span class='ocrx_word' id='word_1_431' title='bbox 1171 4498 1314 4544; x_wconf 78' lang='lat' dir='ltr'>fidem</span> <span class='ocrx_word' id='word_1_432' title='bbox 1335 4492 1555 4552; x_wconf 81' lang='lat' dir='ltr'>Pompeii</span> 
     </span>
     <span class='ocr_line' id='line_1_64' title="bbox 351 4566 841 4606; baseline 0.002 -1"><span class='ocrx_word' id='word_1_433' title='bbox 351 4567 458 4605; x_wconf 82' lang='lat' dir='ltr'>erat</span> <span class='ocrx_word' id='word_1_434' title='bbox 480 4566 592 4603; x_wconf 83' lang='lat' dir='ltr'>ante</span> <span class='ocrx_word' id='word_1_435' title='bbox 615 4567 841 4606; x_wconf 85' lang='lat' dir='ltr'>secutum.</span> 
     </span>
    </p>
   </div>
   <div class='ocr_carea' id='block_1_26' title="bbox 417 4617 1554 4681">
    <p class='ocr_par' dir='ltr' id='par_1_30' title="bbox 417 4617 1554 4681">
     <span class='ocr_line' id='line_1_65' title="bbox 417 4617 1554 4681; baseline 0.001 -16"><span class='ocrx_word' id='word_1_436' title='bbox 417 4621 483 4665; x_wconf 79' lang='lat' dir='ltr'>lb.</span> <span class='ocrx_word' id='word_1_437' title='bbox 506 4617 640 4676; x_wconf 72' lang='lat' dir='ltr'>Quod</span> <span class='ocrx_word' id='word_1_438' title='bbox 659 4618 810 4666; x_wconf 72' lang='lat' dir='ltr'>liceret</span> <span class='ocrx_word' id='word_1_439' title='bbox 827 4620 967 4668; x_wconf 63' lang='lat' dir='ltr'>libere</span> <span class='ocrx_word' id='word_1_440' title='bbox 976 4620 1174 4681; x_wconf 62' lang='lat' dir='ltr'>facem]</span> <span class='ocrx_word' id='word_1_441' title='bbox 1209 4621 1427 4668; x_wconf 63' lang='lat' dir='ltr'>Eme-ndo</span> <span class='ocrx_word' id='word_1_442' title='bbox 1443 4633 1554 4666; x_wconf 80' lang='lat' dir='ltr'>cum</span> 
     </span>
    </p>
   </div>
   <div class='ocr_carea' id='block_1_27' title="bbox 1612 3244 2809 3436">
    <p class='ocr_par' dir='ltr' id='par_1_31' title="bbox 1612 3244 2809 3436">
     <span class='ocr_line' id='line_1_66' title="bbox 1613 3244 2805 3316; baseline 0.008 -24"><span class='ocrx_word' id='word_1_443' title='bbox 1613 3244 1784 3316; x_wconf 48' lang='lat' dir='ltr'>Flauio</span> <span class='ocrx_word' id='word_1_444' title='bbox 1808 3245 2009 3291; x_wconf 79' lang='lat' dir='ltr'>Ursino:</span> <span class='ocrx_word' id='word_1_445' title='bbox 2063 3246 2196 3304; x_wconf 78' lang='lat' dir='ltr'>Quod</span> <span class='ocrx_word' id='word_1_446' title='bbox 2217 3247 2392 3304; x_wconf 71' lang='lat' dir='ltr'>limet,</span> <span class='ocrx_word' id='word_1_447' title='bbox 2421 3248 2560 3297; x_wconf 67' lang='lat' dir='ltr'>libare</span> <span class='ocrx_word' id='word_1_448' title='bbox 2582 3253 2739 3314; x_wconf 70' lang='lat' dir='ltr'>sacen</span> <span class='ocrx_word' id='word_1_449' title='bbox 2764 3259 2805 3303; x_wconf 76' lang='lat' dir='ltr'>e!</span> 
     </span>
     <span class='ocr_line' id='line_1_67' title="bbox 1612 3306 2809 3379; baseline 0.011 -28"><span class='ocrx_word' id='word_1_450' title='bbox 1612 3320 1738 3379; x_wconf 60' lang='lat' dir='ltr'>sequi</span> <span class='ocrx_word' id='word_1_451' title='bbox 1760 3306 1885 3368; x_wconf 79' lang='lat' dir='ltr'>quod</span> <span class='ocrx_word' id='word_1_452' title='bbox 1907 3307 2053 3364; x_wconf 72' lang='lat' dir='ltr'>vellet,</span> <span class='ocrx_word' id='word_1_453' title='bbox 2075 3311 2203 3367; x_wconf 78' lang='lat' dir='ltr'>quod</span> <span class='ocrx_word' id='word_1_454' title='bbox 2224 3311 2289 3356; x_wconf 85' lang='lat' dir='ltr'>ait</span> <span class='ocrx_word' id='word_1_455' title='bbox 2308 3326 2413 3357; x_wconf 77' lang='lat' dir='ltr'>esse</span> <span class='ocrx_word' id='word_1_456' title='bbox 2431 3313 2478 3357; x_wconf 91' lang='lat' dir='ltr'>in</span> <span class='ocrx_word' id='word_1_457' title='bbox 2498 3328 2585 3360; x_wconf 83' lang='lat' dir='ltr'>suo</span> <span class='ocrx_word' id='word_1_458' title='bbox 2603 3319 2809 3363; x_wconf 77' lang='lat' dir='ltr'>vetustis·</span> 
     </span>
     <span class='ocr_line' id='line_1_68' title="bbox 1614 3371 2808 3436; baseline 0.011 -21"><span class='ocrx_word' id='word_1_459' title='bbox 1614 3383 1735 3416; x_wconf 84' lang='lat' dir='ltr'>snno</span> <span class='ocrx_word' id='word_1_460' title='bbox 1752 3371 1934 3426; x_wconf 82' lang='lat' dir='ltr'>codice,</span> <span class='ocrx_word' id='word_1_461' title='bbox 1950 3372 2074 3428; x_wconf 85' lang='lat' dir='ltr'>quod</span> <span class='ocrx_word' id='word_1_462' title='bbox 2097 3380 2143 3416; x_wconf 93' lang='lat' dir='ltr'>et</span> <span class='ocrx_word' id='word_1_463' title='bbox 2162 3374 2365 3419; x_wconf 84' lang='lat' dir='ltr'>adstruit</span> <span class='ocrx_word' id='word_1_464' title='bbox 2383 3374 2627 3436; x_wconf 73' lang='lat' dir='ltr'>Lucanus,</span> <span class='ocrx_word' id='word_1_465' title='bbox 2648 3379 2726 3425; x_wconf 87' lang='lat' dir='ltr'>lib.</span> <span class='ocrx_word' id='word_1_466' title='bbox 2746 3393 2808 3428; x_wconf 75' lang='grc' dir='ltr'>Π.</span> 
     </span>
    </p>
   </div>
   <div class='ocr_carea' id='block_1_28' title="bbox 1678 3493 2807 3871">
    <p class='ocr_par' dir='ltr' id='par_1_32' title="bbox 1678 3493 2807 3871">
     <span class='ocr_line' id='line_1_69' title="bbox 1678 3493 2760 3567; baseline 0.011 -25"><span class='ocrx_word' id='word_1_467' title='bbox 1678 3494 1785 3542; x_wconf 79' lang='lat' dir='ltr'>Hac</span> <span class='ocrx_word' id='word_1_468' title='bbox 1805 3493 1953 3556; x_wconf 77' lang='lat' dir='ltr'>igilur</span> <span class='ocrx_word' id='word_1_469' title='bbox 1973 3495 2096 3556; x_wconf 76' lang='lat' dir='ltr'>regis</span> <span class='ocrx_word' id='word_1_470' title='bbox 2110 3496 2307 3558; x_wconf 74' lang='lat' dir='ltr'>trepidat</span> <span class='ocrx_word' id='word_1_471' title='bbox 2320 3498 2430 3560; x_wconf 82' lang='lat' dir='ltr'>jam</span> <span class='ocrx_word' id='word_1_472' title='bbox 2454 3501 2599 3550; x_wconf 68' lang='lat' dir='ltr'>ctu-io</span> <span class='ocrx_word' id='word_1_473' title='bbox 2609 3504 2760 3567; x_wconf 69' lang='lat' dir='ltr'>sm,</span> 
     </span>
     <span class='ocr_line' id='line_1_70' title="bbox 1678 3558 2807 3630; baseline 0.01 -27"><span class='ocrx_word' id='word_1_474' title='bbox 1678 3558 1739 3604; x_wconf 78' lang='lat' dir='ltr'>Et</span> <span class='ocrx_word' id='word_1_475' title='bbox 1770 3561 1891 3620; x_wconf 76' lang='lat' dir='ltr'>quod</span> <span class='ocrx_word' id='word_1_476' title='bbox 1918 3559 2137 3606; x_wconf 74' lang='lat' dir='ltr'>Caesareis</span> <span class='ocrx_word' id='word_1_477' title='bbox 2159 3574 2223 3606; x_wconf 81' lang='lat' dir='ltr'>nu</span> <span class='ocrx_word' id='word_1_478' title='bbox 2290 3576 2399 3608; x_wconf 78' lang='lat' dir='ltr'>uam</span> <span class='ocrx_word' id='word_1_479' title='bbox 2421 3564 2579 3611; x_wconf 76' lang='lat' dir='ltr'>devota</span> <span class='ocrx_word' id='word_1_480' title='bbox 2592 3567 2627 3630; x_wconf 88' lang='lat' dir='ltr'><em>j</em></span> <span class='ocrx_word' id='word_1_481' title='bbox 2630 3573 2807 3616; x_wconf 61' lang='lat' dir='ltr'>aventin</span> 
     </span>
     <span class='ocr_line' id='line_1_71' title="bbox 1678 3620 2780 3678; baseline 0.009 -11"><span class='ocrx_word' id='word_1_482' title='bbox 1678 3620 1773 3668; x_wconf 78' lang='lat' dir='ltr'>lua</span> <span class='ocrx_word' id='word_1_483' title='bbox 1794 3621 1933 3668; x_wconf 71' lang='lat' dir='ltr'>nimis</span> <span class='ocrx_word' id='word_1_484' title='bbox 1952 3620 2122 3678; x_wconf 53' lang='lat' dir='ltr'>caude,</span> <span class='ocrx_word' id='word_1_485' title='bbox 2144 3635 2228 3668; x_wconf 77' lang='lat' dir='ltr'>nee</span> <span class='ocrx_word' id='word_1_486' title='bbox 2292 3625 2403 3671; x_wconf 71' lang='lat' dir='ltr'>honi</span> <span class='ocrx_word' id='word_1_487' title='bbox 2425 3623 2556 3673; x_wconf 72' lang='lat' dir='ltr'>miles</span> <span class='ocrx_word' id='word_1_488' title='bbox 2575 3631 2627 3674; x_wconf 78' lang='lat' dir='ltr'>in</span> <span class='ocrx_word' id='word_1_489' title='bbox 2650 3630 2780 3677; x_wconf 72' lang='lat' dir='ltr'>mdis</span> 
     </span>
     <span class='ocr_line' id='line_1_72' title="bbox 1679 3683 2693 3758; baseline 0.009 -28"><span class='ocrx_word' id='word_1_490' title='bbox 1679 3683 1732 3730; x_wconf 87' lang='grc' dir='ltr'>Ε.</span> <span class='ocrx_word' id='word_1_491' title='bbox 1793 3683 1965 3730; x_wconf 72' lang='lat' dir='ltr'>Iuratus</span> <span class='ocrx_word' id='word_1_492' title='bbox 1985 3689 2098 3741; x_wconf 75' lang='lat' dir='ltr'>erat,</span> <span class='ocrx_word' id='word_1_493' title='bbox 2121 3684 2300 3758; x_wconf 72' lang='lat' dir='ltr'>Corfini</span> <span class='ocrx_word' id='word_1_494' title='bbox 2321 3694 2481 3750; x_wconf 68' lang='lat' dir='ltr'>captus</span> <span class='ocrx_word' id='word_1_495' title='bbox 2499 3690 2551 3738; x_wconf 81' lang='lat' dir='ltr'>in</span> <span class='ocrx_word' id='word_1_496' title='bbox 2574 3706 2693 3747; x_wconf 69' lang='grc' dir='ltr'>ιιι-ει,</span> 
     </span>
     <span class='ocr_line' id='line_1_73' title="bbox 1679 3697 2741 3818; baseline 0.009 -25"><span class='ocrx_word' id='word_1_497' title='bbox 1679 3697 1946 3808; x_wconf 53' lang='grc' dir='ltr'>ΙιεΖΙιι-ητιε</span> <span class='ocrx_word' id='word_1_498' title='bbox 1960 3746 2090 3793; x_wconf 73' lang='lat' dir='ltr'>novis</span> <span class='ocrx_word' id='word_1_499' title='bbox 2107 3747 2299 3795; x_wconf 68' lang='lat' dir='ltr'>duabus</span> <span class='ocrx_word' id='word_1_500' title='bbox 2318 3750 2571 3816; x_wconf 75' lang='lat' dir='ltr'>dubiusque</span> <span class='ocrx_word' id='word_1_501' title='bbox 2586 3754 2741 3818; x_wconf 78' lang='lat' dir='ltr'>priori</span> 
     </span>
     <span class='ocr_line' id='line_1_74' title="bbox 1681 3808 2198 3871; baseline 0.008 -17"><span class='ocrx_word' id='word_1_502' title='bbox 1681 3808 1775 3855; x_wconf 75' lang='lat' dir='ltr'>Fas</span> <span class='ocrx_word' id='word_1_503' title='bbox 1795 3815 2040 3871; x_wconf 65' lang='lat' dir='ltr'>nurumque</span> <span class='ocrx_word' id='word_1_504' title='bbox 2062 3815 2198 3871; x_wconf 73' lang='lat' dir='ltr'>pum</span> 
     </span>
    </p>
   </div>
   <div class='ocr_carea' id='block_1_29' title="bbox 1617 3932 2809 4178">
    <p class='ocr_par' dir='ltr' id='par_1_33' title="bbox 1617 3932 2809 4178">
     <span class='ocr_line' id='line_1_75' title="bbox 1678 3932 2809 4000; baseline 0.01 -20"><span class='ocrx_word' id='word_1_505' title='bbox 1678 3935 1755 3980; x_wconf 82' lang='lat'>33.</span> <span class='ocrx_word' id='word_1_506' title='bbox 1774 3932 1921 3993; x_wconf 71' lang='lat' dir='ltr'>Qudd.</span> <span class='ocrx_word' id='word_1_507' title='bbox 1936 3935 2201 3998; x_wconf 75' lang='lat' dir='ltr'>hujumodi</span> <span class='ocrx_word' id='word_1_508' title='bbox 2221 3937 2425 3985; x_wconf 66' lang='lat' dir='ltr'>miiitum</span> <span class='ocrx_word' id='word_1_509' title='bbox 2441 3940 2645 3988; x_wconf 69' lang='lat' dir='ltr'>masiliis</span> <span class='ocrx_word' id='word_1_510' title='bbox 2657 3942 2809 4000; x_wconf 55' lang='lat' dir='ltr'>oxima,</span> 
     </span>
     <span class='ocr_line' id='line_1_76' title="bbox 1618 3994 2807 4068; baseline 0.01 -28"><span class='ocrx_word' id='word_1_511' title='bbox 1618 3994 1726 4068; x_wconf 58' lang='lat' dir='ltr'>Rae]</span> <span class='ocrx_word' id='word_1_512' title='bbox 1773 3997 1828 4042; x_wconf 87' lang='lat' dir='ltr'>Id</span> <span class='ocrx_word' id='word_1_513' title='bbox 1851 4006 1939 4067; x_wconf 77' lang='lat' dir='ltr'>est,</span> <span class='ocrx_word' id='word_1_514' title='bbox 1960 4005 2117 4044; x_wconf 73' lang='lat' dir='ltr'>nocet.</span> <span class='ocrx_word' id='word_1_515' title='bbox 2166 3999 2216 4044; x_wconf 86' lang='lat' dir='ltr'>Si</span> <span class='ocrx_word' id='word_1_516' title='bbox 2238 4001 2364 4045; x_wconf 81' lang='lat' dir='ltr'>enim</span> <span class='ocrx_word' id='word_1_517' title='bbox 2389 4004 2455 4047; x_wconf 79' lang='lat' dir='ltr'>ad</span> <span class='ocrx_word' id='word_1_518' title='bbox 2476 4007 2671 4050; x_wconf 80' lang='lat' dir='ltr'>verbum</span> <span class='ocrx_word' id='word_1_519' title='bbox 2693 4007 2807 4051; x_wconf 80' lang='lat' dir='ltr'>acci·</span> 
     </span>
     <span class='ocr_line' id='line_1_77' title="bbox 1618 4062 2806 4127; baseline 0.012 -26"><span class='ocrx_word' id='word_1_520' title='bbox 1618 4068 1761 4115; x_wconf 80' lang='lat' dir='ltr'>pitur,</span> <span class='ocrx_word' id='word_1_521' title='bbox 1800 4067 1947 4104; x_wconf 77' lang='lat' dir='ltr'>otium</span> <span class='ocrx_word' id='word_1_522' title='bbox 1988 4062 2115 4106; x_wconf 81' lang='lat' dir='ltr'>favet</span> <span class='ocrx_word' id='word_1_523' title='bbox 2152 4063 2307 4119; x_wconf 86' lang='lat' dir='ltr'>potius</span> <span class='ocrx_word' id='word_1_524' title='bbox 2332 4062 2401 4108; x_wconf 79' lang='lat' dir='ltr'>bis</span> <span class='ocrx_word' id='word_1_525' title='bbox 2434 4067 2645 4112; x_wconf 76' lang='lat' dir='ltr'>consiliis</span> <span class='ocrx_word' id='word_1_526' title='bbox 2672 4067 2806 4127; x_wconf 70' lang='lat' dir='ltr'>quim</span> 
     </span>
     <span class='ocr_line' id='line_1_78' title="bbox 1617 4121 2511 4178; baseline 0.006 -11"><span class='ocrx_word' id='word_1_527' title='bbox 1617 4121 1911 4167; x_wconf 71' lang='lat' dir='ltr'>contr-sium</span> <span class='ocrx_word' id='word_1_528' title='bbox 1932 4130 2016 4168; x_wconf 74' lang='lat' dir='ltr'>est.</span> <span class='ocrx_word' id='word_1_529' title='bbox 2079 4123 2318 4178; x_wconf 77' lang='lat' dir='ltr'>Lucanus,</span> <span class='ocrx_word' id='word_1_530' title='bbox 2343 4124 2420 4171; x_wconf 88' lang='lat' dir='ltr'>lib.</span> <span class='ocrx_word' id='word_1_531' title='bbox 2446 4140 2511 4173; x_wconf 73' lang='lat' dir='ltr'>rr.</span> 
     </span>
    </p>
   </div>
   <div class='ocr_carea' id='block_1_30' title="bbox 2200 3837 2385 3849">
    <p class='ocr_par' dir='ltr' id='par_1_34' title="bbox 2200 3837 2385 3849">
     <span class='ocr_line' id='line_1_79' title="bbox 2200 3837 2385 3849; baseline 0 0"><span class='ocrx_word' id='word_1_532' title='bbox 2200 3837 2385 3849; x_wconf 95' lang='lat' dir='ltr'> </span> 
     </span>
    </p>
   </div>
   <div class='ocr_carea' id='block_1_31' title="bbox 1675 4269 1927 4284">
    <p class='ocr_par' dir='ltr' id='par_1_35' title="bbox 1675 4269 1927 4284">
     <span class='ocr_line' id='line_1_80' title="bbox 1675 4269 1927 4284; baseline 0 766"><span class='ocrx_word' id='word_1_533' title='bbox 1675 4269 1927 4284; x_wconf 95' lang='lat' dir='ltr'> </span> 
     </span>
    </p>
   </div>
   <div class='ocr_carea' id='block_1_32' title="bbox 1681 4246 2781 4447">
    <p class='ocr_par' dir='ltr' id='par_1_36' title="bbox 1681 4246 2781 4447">
     <span class='ocr_line' id='line_1_81' title="bbox 1761 4246 2749 4317; baseline 0.01 -26"><span class='ocrx_word' id='word_1_534' title='bbox 1761 4307 1770 4317; x_wconf 37' lang='lat'><em>⁶</em></span> <span class='ocrx_word' id='word_1_535' title='bbox 1926 4246 2105 4293; x_wconf 68' lang='lat' dir='ltr'>vav-iam</span> <span class='ocrx_word' id='word_1_536' title='bbox 2117 4261 2294 4310; x_wconf 76' lang='lat' dir='ltr'>semper</span> <span class='ocrx_word' id='word_1_537' title='bbox 2304 4249 2419 4297; x_wconf 74' lang='lat' dir='ltr'>dant</span> <span class='ocrx_word' id='word_1_538' title='bbox 2433 4251 2529 4298; x_wconf 74' lang='lat' dir='ltr'>otia</span> <span class='ocrx_word' id='word_1_539' title='bbox 2544 4259 2749 4300; x_wconf 78' lang='lat' dir='ltr'>mentem.</span> 
     </span>
     <span class='ocr_line' id='line_1_82' title="bbox 1681 4309 2781 4379; baseline 0.007 -23"><span class='ocrx_word' id='word_1_540' title='bbox 1681 4309 1826 4370; x_wconf 69' lang='lat' dir='ltr'>Eripe</span> <span class='ocrx_word' id='word_1_541' title='bbox 1847 4309 2088 4379; x_wconf 69' lang='lat' dir='ltr'>consilium</span> <span class='ocrx_word' id='word_1_542' title='bbox 2104 4324 2298 4372; x_wconf 67' lang='lat' dir='ltr'>pugne,</span> <span class='ocrx_word' id='word_1_543' title='bbox 2319 4311 2425 4360; x_wconf 77' lang='lat' dir='ltr'>ciam</span> <span class='ocrx_word' id='word_1_544' title='bbox 2444 4313 2552 4362; x_wconf 78' lang='lat' dir='ltr'>dira</span> <span class='ocrx_word' id='word_1_545' title='bbox 2573 4315 2781 4364; x_wconf 67' lang='lat' dir='ltr'>voltam:</span> 
     </span>
     <span class='ocr_line' id='line_1_83' title="bbox 1682 4370 2652 4447; baseline 0.009 -31"><span class='ocrx_word' id='word_1_546' title='bbox 1682 4371 1805 4443; x_wconf 51' lang='lat' dir='ltr'>Ense</span> <span class='ocrx_word' id='word_1_547' title='bbox 1826 4370 1945 4418; x_wconf 71' lang='lat' dir='ltr'>subn</span> <span class='ocrx_word' id='word_1_548' title='bbox 1970 4385 2140 4434; x_wconf 71' lang='lat' dir='ltr'>presso,</span> <span class='ocrx_word' id='word_1_549' title='bbox 2164 4373 2309 4434; x_wconf 75' lang='lat' dir='ltr'>galea</span> <span class='ocrx_word' id='word_1_550' title='bbox 2327 4380 2480 4447; x_wconf 43' lang='lat' dir='ltr'>ferere</span> <span class='ocrx_word' id='word_1_551' title='bbox 2496 4377 2652 4439; x_wconf 77' lang='lat' dir='ltr'>pudor</span> 
     </span>
    </p>
   </div>
   <div class='ocr_carea' id='block_1_33' title="bbox 3012 1896 3021 3266">
    <p class='ocr_par' dir='ltr' id='par_1_37' title="bbox 3012 1896 3021 3266">
     <span class='ocr_line' id='line_1_84' title="bbox 3012 1896 3021 3266; baseline 0 0"><span class='ocrx_word' id='word_1_552' title='bbox 3012 1896 3021 3266; x_wconf 95' lang='lat' dir='ltr'> </span> 
     </span>
    </p>
   </div>
  </div>
 </body>
</html>
