3059 5050
1257 330 1535 400 LIBER
1579 324 1666 399 11.

2568 328 2699 397 22⁹

240 504 485 554 venerat
524 489 738 551 missus
785 487 824 549 a
866 484 1166 562 Domitio,
1210 508 1291 568 op
1337 488 1438 546 ido
1488 484 1764 545 Gadibus
1812 479 2127 565 praefecit:
2192 503 2359 544 arma
2409 482 2616 544 omnia

244 581 481 660 privata
521 590 580 636 et
621 574 864 657 publica
897 576 957 633 in
991 574 1236 632 domum
1311 571 1516 632 'alonii
1541 568 1809 629 contulit.
1898 565 2036 649 lpse
2070 567 2279 626 habuit
2308 588 2523 648 graves
2553 569 2616 629 in

245 659 557 723 Caesarem
589 662 933 720 conciones,

1023 656 1204 738 Saepe
1234 677 1311 716 ex
1361 654 1644 714 tribunali
1692 652 2069 734 praedicavit,
2120 652 2373 712 adversa
2402 651 2617 714 Caesa-

241 768 366 807 rem
396 745 614 828 proelia
637 743 864 818 fecisse,
897 763 1181 822 magnum
1210 760 1522 800 numerum
1545 739 1623 797 ab
1647 759 1720 797 eo
1748 736 1998 797 militum
2028 735 2105 796 ad
2132 735 2448 797 Afranium
2478 759 2617 819 per-

240 830 489 911 fugisse.

575 827 733 890 Haec
762 850 822 888 se
850 827 1024 887 certis
1049 828 1289 899 nuntiiS,
1311 824 1487 883 certis
1519 823 1884 897 auctoribus,
1910 822 2288 902 comperisse.

2379 820 2618 903 Quibus
2662 827 2700 884 5

244 918 426 975 rebus
452 915 793 996 perterritos
823 913 980 972 cives
1009 909 1327 970 Romanos
1351 911 1478 988 ejus
1505 907 1859 989 provinciae,
1887 906 1999 966 sibi
2032 906 2108 966 ad
2136 927 2324 988 remp.
2359 907 2619 968 admini-

247 999 554 1061 strandam
604 997 736 1059 HS.
786 1017 925 1058 exe.
978 1008 1036 1056 et
1066 995 1299 1075 argenti
1331 994 1536 1075 pondo
1581 1013 1676 1052 xx.
1735 991 1942 1067 millia,
1974 992 2153 1052 tritici
2185 992 2421 1052 modios
2474 1012 2619 1054 cxx.

247 1085 457 1159 millia,
483 1082 753 1166 polliceri
782 1080 966 1160 cogit.

1055 1079 1227 1161 Quas
1259 1079 1497 1157 Caesari
1529 1098 1658 1137 esse
1708 1079 1935 1136 amicas
1966 1076 2236 1137 civitates
2284 1077 2621 1138 arbitraba-

245 1183 366 1245 tur,
398 1169 468 1229 iis
497 1168 780 1249 graviora
809 1186 994 1227 onera
1025 1164 1422 1245 injungebat:
1468 1163 1573 1243 qui
1604 1163 1789 1221 verba
1821 1174 2000 1242 atque
2025 1163 2358 1222 orationem
2408 1163 2622 1223 adver-

249 1253 346 1314 sus
377 1250 666 1335 rempubl.
697 1245 1066 1326 habuissent,
1095 1270 1307 1310 eorum
1333 1249 1496 1308 bona
1521 1249 1582 1307 in
1604 1246 1912 1329 publicum
1940 1246 2299 1326 addicebat3
2346 1247 2705 1331 praesidi-10

245 1359 398 1418 aque
428 1337 498 1398 eo
532 1337 885 1412 deducebat,
929 1349 988 1397 et
1027 1334 1266 1415 judicia
1295 1334 1357 1394 in
1389 1334 1657 1416 privatos
1687 1331 2013 1393 reddebat:
2060 1332 2434 1414 provinciam
2491 1354 2622 1394 om-

243 1443 380 1483 nem
411 1422 472 1483 in
504 1443 613 1483 sua
641 1435 700 1483 et
723 1419 1006 1503 Pompeii
1037 1420 1224 1480 verba
1240 1418 1669 1499 jusjurandum
1702 1416 2005 1497 adigebat.

2095 1414 2380 1498 Cognitis
2410 1418 2482 1478 iis
2530 1438 2622 1479 re-

242 1508 375 1583 bus,
430 1528 567 1588 quae
617 1520 753 1567 sunt
783 1520 972 1587 gestae
1025 1504 1087 1566 in
1140 1504 1416 1565 citeriore
1447 1500 1771 1586 Hispania,
1815 1502 2071 1584 parabat
2100 1503 2343 1564 bellum.
2432 1501 2623 1566 Ratio

244 1608 445 1653 autem
471 1593 606 1653 haec
630 1606 762 1653 erat
787 1590 951 1667 belli,
978 1606 1046 1651 ut
1075 1611 1136 1651 se
1165 1610 1301 1655 cum
1337 1610 1408 1649 ιι.
1435 1588 1781 1669 legionibus
1803 1586 2007 1647 Gades
2038 1587 2373 1666 conferret3
2418 1609 2622 1666 naveS,

245 1676 730 1759 frumentumque
762 1696 961 1751 omne,
1007 1674 1088 1735 ibi
1120 1674 1473 1735 contineret.
1565 1671 1985 1757 (Provinciam
2015 1672 2174 1732 enim
2206 1694 2446 1735 omnem
2478 1672 2706 1738 Coe-15

245 1762 395 1823 saris
422 1764 599 1823 rebus
623 1761 825 1822 favere
850 1756 1273 1841 cognoverat.)

1362 1756 1436 1820 In
1468 1757 1685 1833 insula,
1717 1756 2016 1817 frumento
2045 1756 2418 1839 navibusque
2459 1780 2626 1821 com-

242 1847 495 1930 paratiS,
533 1845 757 1907 bellum
790 1845 930 1906 duci
960 1865 1084 1905 non
1115 1843 1356 1904 difficile
1387 1843 1788 1903 existimabat.

1878 1838 2112 1917 Caesar,
2145 1843 2253 1902 etsi
2282 1842 2482 1903 multis
2524 1865 2627 1906 ne-

244 1932 640 2013 cessariisque
665 1932 842 1991 rebus
867 1931 930 1990 in
952 1928 1192 1992 Italiam
1228 1930 1668 2005 revocabatur3
1712 1940 1912 1988 tamen
1968 1927 2357 1988 constituerat
2398 1926 2628 1990 nullam

241 2032 479 2101 partem
505 2016 648 2077 belli
674 2018 736 2077 in
769 2013 1082 2098 Hispaniis
1107 2012 1442 2095 relinquere
1465 2035 1480 2073 z

245 2103 386 2164 ficia
410 2116 471 2164 et
498 2122 756 2182 magnas
781 2099 1089 2161 clientelas
1114 2101 1177 2160 iu
1203 2100 1480 2160 citeriore
1510 2097 1829 2181 provincia
1858 2098 2103 2158 sciebat.

1528 2011 1692 2094 quod
1724 2032 1951 2109 magna
1979 2032 2106 2073 esse
2136 2010 2417 2095 Pompeii
2450 2014 2713 2162 bene-2⁰

329 2185 513 2249 XIX.
567 2185 782 2268 Itaque
830 2186 1064 2245 duabus
1111 2184 1454 2264 legionibus
1503 2182 1696 2243 missis
1745 2181 1806 2243 in
1872 2181 2214 2244 ulteriorem
2260 2181 2625 2267 Hispaniam

245 2294 382 2334 cum
412 2272 492 2354 Q.
521 2271 742 2334 Cassio
773 2269 1056 2332 Tribuno
1081 2269 1241 2352 pleb.
1265 2271 1391 2352 ipse
1414 2290 1552 2330 eum
1585 2267 1883 2350 equitibus
1908 2289 2014 2332 no.
2047 2269 2285 2349 magnis
2315 2269 2627 2332 itineribus
2709 2312 2714 2317 -

245 2358 657 2441 progreditur:
711 2356 1095 2436 edictumque
1124 2356 1456 2438 praemittit,
1484 2355 1562 2415 ad
1590 2374 1771 2435 quam
1804 2353 1963 2414 diem
1990 2354 2376 2434 magistratus
2402 2356 2626 2438 princi-

248 2464 472 2528 pesque
496 2442 764 2505 omnium
786 2441 1097 2505 civitatum
1126 2440 1236 2504 sibi
1264 2461 1390 2502 esse
1415 2453 1642 2526 praesto
1663 2438 1979 2500 Corduba-,²
2005 2439 2199 2501 vellet.
2258 2439 2404 2522 Quo
2428 2441 2627 2503 edicto

253 2532 380 2592 tota
409 2532 721 2614 provincia
749 2529 1129 2614 pervulgato,
1166 2530 1332 2590 nulla
1359 2529 1470 2591 suit
1498 2531 1732 2603 civitas,
1764 2525 1908 2610 quin
1942 2526 2020 2588 ad
2051 2526 2112 2589 id
2138 2540 2372 2611 tempus
2393 2532 2711 2611 partern25

255 2616 493 2678 senatus
523 2614 877 2679 Cordubam
925 2617 1210 2693 mitteret3
1271 2614 1544 2676 nullusve
1592 2614 1740 2675 civis
1786 2612 2105 2675 Romanus
2150 2613 2358 2697 paullo
2406 2614 2641 2691 notior,=

252 2702 397 2783 quin
430 2701 507 2763 ad
531 2701 685 2764 diem
711 2701 1077 2764 conveniret.
1167 2700 1362 2762 Simul
1394 2701 1521 2783 ipse
1548 2698 1865 2762 Cordubae
1895 2713 2225 2760 conventus
2255 2721 2364 2783 per
2393 2721 2456 2761 se
2486 2722 2630 2783 por-

249 2800 343 2849 tas
377 2785 637 2850 Varroni
667 2787 910 2866 clausit3
968 2786 1273 2848 custodias
1323 2786 1681 2867 vigiliasque
1712 2786 1773 2846 in
1806 2805 1978 2846 muro
2008 2784 2390 2866 turribusque
2420 2786 2627 2869 dispo-

247 2873 385 2935 suit.
474 2870 777 2936 Cohortes
806 2893 881 2934 11.
909 2893 1047 2954 quae
1074 2870 1397 2934 Colonicae
1428 2869 1911 2954 appellabantur,
1944 2891 2126 2951 quum
2156 2869 2228 2930 eo
2260 2891 2403 2932 casu
2434 2873 2632 2933 venis-

249 2971 397 3035 sent,
430 2958 634 3020 tuendi
663 2957 875 3041 oppidi
906 2957 1137 3034 caussa,
1169 2958 1334 3039 apud
1373 2978 1435 3017 se
1483 2955 1744 3017 retinuit.
1832 2953 2052 3015 Iisdem
2102 2954 2312 3015 diebus
2367 2953 2716 3019 Carmo-30

255 3063 492 3119 nenseS,
519 3065 658 3125 quae
683 3055 774 3105 est
800 3041 985 3124 longe
1017 3042 1361 3103 firmissima
1389 3043 1574 3103 totius
1603 3040 1938 3124 provinciae
1968 3040 2198 3115 civitaS,
2225 3040 2497 3101 deductis
2528 3062 2628 3103 111.

249 3127 316 3189 in
348 3147 546 3189 arcem
578 3128 788 3211 oppidi
820 3127 1168 3189 cohortibus
1198 3128 1235 3189 a
1264 3125 1546 3189 Varrone
1574 3124 1883 3210 praesidiO,
1915 3145 2024 3208 per
2049 3145 2109 3186 se
2133 3125 2410 3186 cohortes
2434 3127 2627 3207 ejecit,

247 3226 578 3298 portasque
602 3211 927 3295 praeclusit.

334 3295 484 3360 XX.
534 3295 677 3360 Hoc
708 3296 853 3359 vero
900 3297 1094 3374 magis
1139 3319 1467 3382 properare
1496 3296 1720 3373 Varr0,
1752 3310 1820 3358 ut
1847 3301 1984 3358 cum
2032 3295 2374 3379 legionibus
2418 3319 2633 3381 quarn-

292 3383 510 3444 rimum
563 3381 768 3444 Gades
797 3383 1198 3460 contenderet,
1231 3405 1306 3445 ne
1355 3385 1566 3447 itinere
1608 3396 1711 3445 aut
1741 3384 2063 3464 transjecta
2111 3382 2714 3448 intercluderetur.35

243 3404 457 3531 li’anta
486 3489 558 3530 ac
588 3482 712 3530 tarn
746 3467 1011 3530 secunda
1045 3468 1110 3529 in
1153 3467 1468 3531 Caesarem
1498 3468 1809 3531 voluntate
1854 3468 2190 3551 provinciae
2221 3490 2545 3552 progresso
2575 3471 2631 3533 ei

312 3638 358 3685 7.
395 3637 496 3684 HS.
518 3636 649 3698 cxc.]
691 3635 787 3683 Hic
823 3635 956 3684 locu·
978 3636 1108 3685 vua-ie
1129 3637 1158 3686 ὲ
1177 3639 1331 3686 doctis
1363 3639 1445 3685 ho-

247 3699 456 3747 minibus
496 3699 684 3760 legitur,
716 3701 846 3758 quod
881 3701 1060 3747 sactum
1098 3710 1171 3748 est
1209 3704 1272 3748 ob
1311 3700 1449 3748 facile

247 3763 512 3821 irrepentes
553 3776 859 3809 numerorum
901 3763 1028 3811 notis
1071 3765 1284 3811 mendas.
1360 3763 1450 3810 Eut

245 3833 409 3872 autem
433 3823 732 3871 manifestum
769 3826 1014 3882 mendum,
1050 3826 1159 3873 cum
1195 3828 1268 3873 bis
1304 3840 1468 3886 pecu·-

241 3888 380 3935 niam
400 3887 618 3934 videntur
637 3901 736 3933 non
759 3888 903 3940 fuisse
926 3888 1249 3947 impositurus,
1269 3888 1361 3935 nisi
1382 3889 1452 3935 di-

241 3950 391 3997 versi·
407 3950 712 4009 temporibus.
777 3951 877 3997 Cur
898 3952 1171 3999 sestertium
1192 3959 1243 3999 et
1263 3950 1452 4012 argenti

239 4014 425 4074 pondo,
444 4011 552 4059 cum
575 4012 701 4058 idem
723 4028 829 4059 esse
850 4013 1082 4062 videatur.
1136 4013 1447 4072 Umunquod-

240 4091 335 4135 que
367 4085 526 4123 autem
556 4076 719 4133 pondo
740 4085 933 4124 centum
956 4078 1214 4125 drachmas
1237 4077 1448 4131 valebat,

241 4154 306 4185 ex
321 4138 517 4194 Badeo,
534 4152 639 4210 quo
657 4139 890 4186 drachma
905 4154 1099 4186 nummo
1115 4141 1323 4187 valebat.

309 4202 382 4248 11.
403 4199 596 4248 Judiaa
624 4198 678 4248 in
687 4202 897 4264 privatos
913 4202 1168 4264 reddebat]
1201 4203 1292 4257 Qui
1325 4200 1447 4249 scili-

1509 3640 1561 3685 in
1585 3638 1778 3686 altiores
1801 3639 1999 3698 gradus,
2020 3652 2124 3697 quae
2147 3653 2238 3684 vox
2262 3647 2333 3684 est
2366 3636 2511 3697 plane
2544 3639 2696 3688 milita

1509 3701 1592 3748 ris.
1624 3702 1792 3759 Itaque
1815 3702 1944 3760 apud
1967 3700 2217 3762 vegetium
2236 3700 2316 3747 lib.
2340 3715 2394 3747 n.
2417 3700 2717 3750 Beneficiarii

1511 3766 1736 3810 dicuntur
1757 3763 1836 3823 qui
1861 3762 1889 3810 ὲ
1910 3764 2099 3810 tribuno
2114 3764 2321 3823 promoti
2338 3772 2461 3809 sunt.
2494 3764 2569 3809 Ita
2586 3767 2716 3822 apud

1514 3826 1792 3873 Suetonium
1833 3825 2060 3872 Claudius
2097 3826 2331 3884 appellat:
2386 3824 2614 3887 Beneficii
2640 3827 2716 3875 sui

1511 3888 1814 3944 centuriones,
1836 3904 1955 3948 quos
1969 3886 1996 3935 ὲ
2012 3904 2159 3950 grege
2182 3888 2382 3934 militum
2400 3889 2464 3934 ad
2480 3889 2714 3936 centurio-

1514 3960 1681 3999 natum
1703 3952 2007 4010 perduxerat.

1571 4015 1649 4060 22.
1679 4013 1799 4060 Cmn
1828 4014 1881 4073 Q.
1910 4012 2101 4074 Cassia]
2131 4012 2178 4060 Is
2201 4021 2289 4070 est,
2311 4011 2392 4071 qui
2412 4013 2629 4060 tribunus
2651 4011 2716 4073 pl.

1510 4076 1646 4123 initio
1687 4075 1796 4122 belli
1835 4071 1984 4123 civilis
2018 4078 2081 4123 ad
2116 4076 2355 4122 Caesarem
2389 4077 2622 4135 confugit,
2653 4078 2715 4124 de

1511 4154 1608 4200 quo
1628 4138 1779 4185 multa
1794 4147 1964 4198 postea
1985 4139 2287 4198 sequentibus
2310 4138 2516 4198 paginis.

1573 4203 1653 4248 24.
1680 4201 1942 4263 Cordubae.J
1979 4202 2207 4248 Corduba
2241 4215 2361 4247 unus
2383 4207 2488 4246 erat
2511 4209 2717 4258 quatuor

236 4273 318 4312 cet
359 4261 588 4311 adversus
624 4265 861 4324 rempubl.
897 4273 947 4311 et
983 4265 1263 4323 Pompeium
1300 4265 1448 4310 verba
1501 4263 1725 4325 juridicis
1744 4263 1990 4324 Hispaniae
2008 4263 2242 4310 ulterioris
2259 4262 2586 4318 conventibus,
2602 4277 2713 4324 pop.

235 4328 524 4375 habuerant.
575 4326 767 4374 Judicia
788 4326 915 4374 enim
939 4327 986 4374 in
1008 4327 1222 4386 privatos
1245 4328 1447 4375 reddere

235 4403 351 4437 eum
386 4390 466 4449 qui
503 4389 801 4449 provinciam
837 4390 1092 4446 obtineret,
1129 4391 1247 4437 nihil
1281 4389 1448 4438 habuit

235 4453 518 4513 iniquitatis.

302 4515 373 4563 lb.
401 4515 696 4564 Provinciam
709 4513 1030 4576 omanadum]
1054 4515 1230 4564 Modus
1252 4517 1447 4575 loquen-

231 4578 288 4626 di
301 4578 410 4639 jam
434 4593 580 4637 supra
602 4579 898 4624 observatus.

307 4643 380 4687 16.
395 4641 454 4687 In
465 4639 657 4700 imula]
676 4640 919 4686 Gaditana
932 4639 1126 4688 scilicet.
1149 4641 1446 4688 Gadesenim

235 4704 290 4750 in
312 4703 470 4749 imula
490 4711 602 4749 suut
622 4702 804 4761 positae.

229 4805 241 4832 ὅ
307 4765 376 4813 19.
399 4763 618 4829 Pompeii
650 4762 910 4829 benefida]
966 4764 1091 4814 Sunt
1119 4764 1445 4825 promotiones

1511 4327 1571 4374 R.
1592 4326 1799 4383 colonia,
1830 4335 2150 4388 cognomento
2182 4324 2402 4380 Patritia,
2433 4326 2641 4373 deducta
2684 4327 2715 4376 ὰ

1513 4389 1585 4436 Μ.
1620 4389 1867 4444 Marcello,
1904 4389 2214 4444 Senecam,
2255 4388 2530 4448 Lucanique
2562 4399 2714 4448 poeta

1511 4452 1685 4510 patria.
1723 4450 1918 4498 Cordue'.
2728 4487 2742 4494 -

1574 4516 1651 4561 29.
1679 4512 1947 4574 Calamam]
1975 4512 2053 4560 Sic
2070 4510 2099 4559 ὲ
2115 4512 2295 4558 colonis
2312 4512 2467 4569 dieue,
2483 4517 2611 4575 quod
2633 4517 2714 4563 de—

1509 4578 1660 4624 lectus
1676 4591 1841 4623 earum
1864 4576 1914 4621 in
1936 4575 2133 4622 coloniis
2156 4584 2281 4621 esset
2303 4576 2505 4623 habitus.

1572 4642 1651 4686 20.
1680 4638 2042 4700 Conamen-res]
2080 4638 2324 4685 Can-mona
2357 4641 2468 4686 urbs
2502 4641 2712 4688 Andnlu·

1510 4709 1591 4749 stae
1614 4702 1663 4750 in
1680 4701 1840 4760 Baetis,
1860 4700 2054 4750 sinistra
2074 4701 2197 4761 ripa,
2214 4717 2311 4749 non
2333 4702 2499 4761 procul
2520 4706 2582 4751 ab
2601 4704 2712 4751 His·

1506 4765 1621 4827 ΝΒ.
