3059 5050
1132 232 1724 302 FRAGMENTA.

1430 386 1536 449 Ex·
1577 384 1766 448 Char.
1798 383 1904 449 lib.
1937 407 1983 449 1.

296 381 614 448 Locellum
647 384 758 447 tibi
784 384 1089 465 signatum
1118 388 1339 449 remisi.

2563 244 2688 308 401

296 471 457 532 Nam
493 473 571 533 ad
606 492 700 533 me
736 473 893 533 misit
924 472 1227 534 Antonius
1257 473 1605 556 exemplum
1638 470 1909 533 Caesaris
1940 471 2018 534 ad
2049 491 2113 533 se
2141 469 2497 551 litterarum,
2541 474 2608 538 in

211 557 429 639 quibus
459 572 592 619 erat
620 579 683 619 se
713 558 1016 619 audivisse
1048 557 1385 635 Caesarem,
1417 572 1476 620 et
1506 557 1583 620 L.
1609 556 1946 634 Metellum,
1981 557 2041 618 in
2080 557 2321 620 Italiam
2355 562 2606 638 venisse,

210 641 438 704 Rumae
472 657 536 704 ut
564 657 760 703 essent
790 643 995 726 palam
1029 665 1045 704 ε
1090 644 1150 706 id
1185 645 1299 705 sibi
1328 666 1453 706 non
1487 644 1726 727 placere
1752 664 1771 721 3
1817 664 1891 704 ne
1922 643 2026 725 qui
2059 658 2255 706 motus
2285 667 2362 707 ex
2392 668 2466 708 eo
2499 646 2606 709 fie-

208 742 381 790 rent:
428 729 859 811 probiberique
890 751 1097 795 omnes
1128 728 1329 806 Italia,
1385 730 1496 793 nisi
1526 750 1781 811 quorum

207 828 316 887 set,
349 815 548 895 deque
577 836 651 875 eo
681 815 1092 876 vehementius
1121 831 1254 876 erat
1275 815 1584 897 scriptum.
1675 812 1781 876 Ea:

1816 730 1943 876 igse
1972 749 2248 791 caussam
2281 753 2358 794 co
2447 733 2608 794 ovis·
2652 737 2692 796 5

1878 813 1953 877 ic.
1980 813 2065 876 ad
2089 814 2280 877 Attio.
2306 815 2354 878 l·
2396 862 2413 879 .
2445 840 2532 881 ιι.

296 897 372 959 Ρ.
408 897 701 963 Servilius
727 915 899 983 pater
926 922 1002 962 ex
1034 899 1262 973 litteris,
1290 920 1441 981 quas
1462 901 1577 961 sibi
1608 900 1647 962 a
1676 898 1930 963 Caesare
1962 900 2170 962 missas
2190 922 2317 963 esse
2341 903 2604 983 dicebat,

212 983 522 1063 significat
552 983 731 1047 valde
765 1000 821 1045 te
852 986 962 1045 sibi
988 999 1231 1063 gratum
1260 985 1490 1061 fecisse,
1523 985 1690 1067 quod
1712 986 1787 1047 de
1818 987 1927 1047 sua
1951 985 2261 1048 voluntate
2285 1008 2434 1068 erga
2462 987 2603 1050 Cte-

212 1090 407 1130 sarem
437 1069 866 1131 humanissime
896 1069 1481 1153 diligentissimeque
1528 1071 1766 1133 locutus
1795 1092 1971 1133 esseS.
2059 1068 2166 1134 Eoe
2205 1070 2338 1137 Cic.
2367 1070 2473 1136 lib.
2508 1096 2608 1136 111.

210 1152 416 1239 Epist.
452 1155 536 1217 ad
572 1154 869 1239 Quintum
900 1154 1210 1233 Fratrem,
1245 1155 1451 1240 Epist.
1492 1179 1539 1218 1.

2615 1162 2695 1222 10

369 1322 495 1385 DE
539 1320 619 1386 C.
677 1321 867 1386 JUL.
930 1323 1337 1387 CAESARIS
1396 1321 1872 1388 EPISTOLIS
1931 1323 2520 1390 TESTIMONIA.

285 1466 591 1551 Epistolae
622 1491 867 1552 quoque
897 1471 1025 1551 ejus
1075 1471 1153 1532 ad
1187 1483 1462 1531 senatum
1513 1485 1725 1533 extant
1752 1492 1768 1531 ε
1816 1492 1967 1553 quas
1999 1472 2230 1555 primus
2258 1472 2498 1533 videtur
2528 1471 2608 1533 ad

244 1556 485 1635 aginaS,
516 1569 576 1617 et
600 1554 857 1617 formam
892 1555 1264 1617 memorialis
1295 1555 1481 1617 libelli
1515 1557 1922 1618 convertisse:
1968 1558 2110 1619 ct'nn
2162 1571 2342 1619 antea
2385 1578 2605 1618 consu-

221 1664 290 1702 es
310 1655 370 1701 et
395 1641 580 1702 duces
607 1662 730 1702 non
756 1641 870 1704 nisi
898 1641 1240 1702 transversa
1263 1640 1477 1703 charta
1498 1643 1800 1704 mitterent
1825 1642 2097 1727 scriptaS.

2187 1642 2422 1705 Extant
2441 1656 2500 1703 et
2526 1642 2602 1704 ad

195 1724 569 1788 Ciceronem
597 1749 616 1805 3
663 1727 803 1788 item
838 1728 915 1789 ad
945 1727 1271 1788 familiares
1302 1727 1649 1788 domesticis
1681 1729 1757 1789 de
1789 1729 1984 1790 rebuS.
2053 1726 2128 1791 In
2150 1729 2372 1810 quibus
2401 1729 2447 1788 si
2480 1728 2683 1809 qual5

193 1812 503 1874 occultius
534 1812 893 1895 perferenda
917 1827 1109 1890 erant,
1142 1833 1250 1895 per
1272 1825 1447 1873 notas
1479 1812 1738 1895 scripsit,
1767 1813 1827 1874 id
1877 1828 1986 1890 est,
2042 1815 2126 1875 sic
2172 1827 2400 1875 structo
2453 1814 2609 1875 litte-

192 1920 409 1960 rarum
439 1898 680 1976 ordine,
716 1913 781 1960 ut
812 1898 1043 1959 nullum
1077 1900 1325 1959 verbum
1353 1898 1506 1959 effici
1543 1913 1761 1980 posset.

1852 1898 2015 1980 Qua·
2070 1900 2119 1960 si
2173 1899 2310 1981 quis
2365 1900 2610 1960 investi-

192 2006 352 2067 gare
382 1999 439 2046 et
461 1985 738 2068 persequi
763 1985 959 2061 vellet,
987 2000 1265 2066 quartam
1298 1983 1730 2044 elementorum
1765 1983 2048 2060 litteram,
2082 1985 2142 2046 id
2165 2000 2273 2060 est,
2297 1983 2356 2044 Ο
2387 2006 2500 2069 pro
2521 1985 2599 2061 A,

192 2084 261 2132 et
285 2071 534 2152 perinde
560 2071 820 2152 reliquas
848 2083 1195 2131 commutet.
1247 2066 1353 2130 Ex
1378 2066 1545 2157 ξυεῐ.
1571 2067 1636 2130 in
1678 2067 1831 2131 Cres.
1864 2069 1903 2106 ‘¹‘
1928 2067 2172 2131 Harum
2199 2069 2415 2133 mentio
2442 2070 2612 2168 apud

208 2153 344 2217 Cic.
377 2155 443 2219 in
474 2155 680 2241 Epist.
716 2178 790 2218 ιι.
823 2154 928 2217 lib.
964 2177 1091 2217 xvi.
1125 2154 1208 2217 ad
1241 2152 1467 2216 Famil.
1557 2151 1831 2216 Omnino
1856 2169 1914 2215 et
1947 2155 2075 2239 ipse
2106 2154 2345 2233 Caesar,
2377 2158 2692 2217 asmcus2o

195 2256 430 2319 noster,
465 2244 731 2304 minaces
763 2242 841 2303 ad
864 2256 1135 2302 senatum
1169 2254 1229 2301 et
1259 2242 1511 2302 acerbas
1538 2239 1765 2301 litteras
1793 2240 2054 2317 miserat,
2089 2241 2198 2302 διε.

288 2328 559 2406 Scibere,
592 2344 651 2390 et
682 2329 884 2409 legere
910 2326 1108 2403 simul,
1132 2327 1383 2403 dictare,
1410 2341 1470 2388 et
1494 2325 1708 2387 audire
1732 2326 1972 2388 solitum
1998 2325 2364 2410 accepimuS.
2422 2324 2609 2410 Epis-

199 2412 361 2475 tolas
392 2414 533 2476 vero
567 2429 869 2477 tantarum
904 2434 1103 2475 rerum
1138 2426 1464 2494 quaternas
1513 2412 1739 2494 pariter
1785 2410 2048 2473 librariis
2095 2412 2348 2490 dictare,
2403 2427 2509 2474 aut
2557 2411 2606 2473 si

203 2498 357 2562 nihil
389 2514 614 2580 ageret,
646 2515 943 2584 septenaS.

1032 2497 1140 2562 Ex
1171 2496 1344 2561 Ptin.
1371 2496 1477 2560 lib.
1510 2519 1628 2559 vu.
1660 2519 1797 2583 cap.
1833 2502 1930 2561 15.

281 2588 369 2641 Ἐν
406 2586 558 2664 ἐκείνῃ
586 2586 646 2652 δὴ
672 2594 743 2653 τῆ
765 2586 1015 2664 στρατείᾳ.
1038 2587 1437 2664 προσεξήσκεσεν
1461 2582 1809 2664 ἱππαζόμενος
1832 2587 1931 2650 τὰς
1956 2584 2237 2650 ἐπιστολὰς
2255 2586 2689 2664 ὑπαγοξεζεινῧ5

198 2666 292 2720 καί
321 2662 456 2721 δυσὶν
484 2667 575 2737 riu}
601 2670 845 2746 γξᾶφεσιν
876 2667 1118 2744 ἐξαρκεῖν·
1148 2666 1216 2730 ὡς
1234 2662 1287 2720 δὲ
1314 2664 1551 2729 ’Όπηηὸς
1577 2676 1720 2738 φησι,
1767 2667 1852 2720 καί
1876 2665 2165 2722 πλείοστιν·

2194 2668 2412 2744 λέγεται
2439 2664 2490 2720 δὲ
2517 2668 2604 2722 nas*

195 2745 279 2814 eti,
309 2742 395 2801 διὰ
414 2765 738 2826 γξαμματων
757 2748 863 2812 τοῖς
888 2748 1055 2819 φιλοίς
1081 2745 1296 2816 ὁμιλεῖν,
1316 2744 1568 2823 Καίσαρα
1593 2747 1793 2823 πρῶτον
1819 2746 2243 2822 μηχανήσασθαι.
2320 2745 2406 2802 Ex
2439 2746 2588 2803 Plut.

199 2825 259 2883 in
298 2823 450 2882 Caes.

281 2904 372 2966 At
408 2903 518 2967 illo
550 2903 617 2966 in
648 2903 801 2966 bello
849 2904 1098 2988 insuper
1128 2902 1446 2965 meditatus
1459 2900 1676 2984 fuerat
1708 2901 1991 2986 epistolas
2020 2902 2179 2964 inter
2207 2902 2597 2999 equitandum.

197 2987 454 3067 dictare,
487 2988 833 3075 duobusque
883 2989 1063 3053 simul
1113 2986 1504 3051 scribentibus
1552 2986 1862 3070 sufficere3
1907 2997 1973 3049 ut
2025 2988 2164 3049 verti
2208 2999 2298 3050 att
2338 2987 2689 3072 Oppius,30

267 3177 307 3222 l.
346 3174 575 3222 [necllum
606 3173 691 3222 tibi
711 3173 947 3235 signatum
962 3172 1156 3234 remisi]
1192 3170 1409 3218 Diminu-

196 3239 348 3284 tivum
374 3253 550 3284 nomen
571 3236 602 3285 a
622 3238 793 3293 loculo,
816 3253 911 3296 quo
932 3238 1155 3283 conditur
1191 3234 1411 3293 pecunia.

195 3299 360 3363 Hujus
385 3302 587 3348 materia
629 3308 732 3347 erat
756 3301 827 3346 vel
851 3300 1035 3360 lignum
1071 3298 1148 3344 vel
1180 3301 1314 3352 ebur,
1339 3294 1413 3341 vel

194 3364 328 3411 aliud
351 3364 612 3424 quidpiam.
645 3364 1039 3423 obsignabantur
1062 3370 1221 3408 autem
1246 3360 1410 3406 omnia

191 3443 332 3484 vasa,
356 3428 527 3487 quibus
560 3427 779 3484 pretioue
818 3441 894 3472 res
932 3426 1321 3476 continebantur,
1359 3430 1410 3466 nt

193 3492 343 3544 dolia,
367 3505 509 3546 arcae,
542 3491 629 3536 διε.
663 3505 724 3535 ηε
763 3499 982 3547 paterent
1006 3487 1268 3542 hominum,
1292 3499 1410 3544 proe·

196 3555 366 3599 sertim
388 3569 636 3600 servorum
654 3552 861 3599 insidiis.

258 3620 304 3662 3.
342 3618 399 3662 Se
431 3615 658 3663 audivisse
682 3616 987 3669 Coesarem‚et
1014 3613 1065 3660 L.
1087 3610 1415 3665 Maeuianum

170 3679 384 3727 ‘Italiam
408 3678 616 3739 venisse]
686 3679 866 3725 Nostra
901 3676 1198 3734 exemplaria
1236 3676 1415 3720 habent

197 3743 440 3798 Catonem,
462 3751 511 3787 et
535 3741 703 3788 melius
725 3741 938 3799 quidem,
954 3740 1036 3799 qui
1059 3747 1289 3799 quantum
1312 3737 1409 3782 dis·

190 3805 395 3863 pliceret
419 3803 619 3860 Caesari,
641 3806 865 3851 omnibus
886 3813 960 3850 est
983 3813 1162 3849 notum.
1232 3801 1288 3847 L.
1306 3799 1409 3846 Me·

190 3868 334 3912 tellus
359 3868 397 3913 is
421 3877 495 3914 est
518 3867 736 3913 tribunus
758 3866 885 3924 pleb.
908 3868 991 3925 qui
1015 3865 1093 3911 lib.
1128 3878 1159 3910 ι.
1198 3865 1260 3910 de
1283 3862 1411 3910 bello

192 3930 337 3976 Civili
362 3930 536 3990 legitur
555 3929 784 3975 restitisse
802 3930 982 3975 Caesari
1007 3927 1227 3974 serarium
1252 3925 1410 3985 aperi·

190 4007 246 4038 re
270 3993 464 4047 volenti,
486 4008 631 4051 quem
651 4001 702 4038 et
723 3992 877 4038 occidi
903 3991 1066 4046 voluit,
1101 3998 1151 4036 ut
1181 3999 1315 4048 patet
1349 4003 1411 4034 ex

188 4057 329 4113 epist.
352 4056 396 4101 4.
421 4055 502 4102 lib.
545 4070 589 4103 x.
626 4057 689 4101 ad
730 4055 874 4102 Attic.
914 4053 1105 4102 tametsi
1143 4068 1237 4099 non
1277 4066 1410 4097 man·

188 4118 390 4165 daverit.
459 4118 534 4164 De
555 4134 652 4177 quo
674 4133 824 4177 supra
846 4119 894 4165 in
917 4126 1081 4165 annot.
1104 4117 1169 4163 ad
1186 4115 1267 4161 lib.
1292 4128 1325 4161 ι.
1348 4115 1408 4160 de

190 4182 321 4228 bello
343 4181 501 4227 Civili.

256 4246 300 4291 7.
336 4245 391 4290 P.
418 4242 642 4290 Seruilius

190 4307 398 4352 diximus
421 4308 484 4352 ad
519 4306 705 4354 initium
745 4307 822 4352 lib.
865 4322 943 4355 ιιι.
980 4307 1042 4352 de
1081 4303 1206 4350 bello
1247 4302 1407 4356 Civili,

189 4370 272 4429 qui
297 4368 501 4415 Caesaris
524 4370 572 4415 in
589 4372 801 4416 sectmdo
818 4369 1072 4416 consulatu
1091 4367 1178 4414 snit
1200 4366 1406 4423 collega,

189 4433 368 4490 quique
389 4434 528 4487 adeo,
549 4442 599 4478 ut
617 4432 694 4480 hic
708 4432 1061 4493 cognoscimus,
1074 4431 1179 4491 ejus
1196 4429 1409 4490 gratiam

190 4495 343 4540 multo
366 4504 476 4542 ante
499 4505 716 4554 tempore
740 4495 1010 4548 ambiebat;
1036 4508 1148 4539 nam
1166 4494 1265 4538 haee
1283 4491 1406 4547 epis·

189 4558 291 4603 tola
334 4559 515 4617 scripta
553 4559 659 4615 suit,
703 4557 810 4604 etim
858 4558 905 4603 in
944 4556 1199 4603 Britannia
1242 4555 1407 4601 Caesar

190 4628 333 4667 osset.

258 4683 327 4729 12.
367 4683 689 4754 prn'gnus
710 4683 893 4734 ridetur
914 4682 979 4731 ad
990 4681 1216 4748 paginas,
1238 4684 1281 4731 et
1296 4679 1404 4744 sor·

659 4244 832 4305 pater-,J
900 4244 945 4290 ls
968 4252 1041 4289 est
1063 4243 1123 4288 de
1145 4255 1238 4299 quo
1261 4253 1411 4298 supra

1473 3183 1604 3215 mam
1626 3167 1911 3215 memorialis
1963 3166 2113 3218 libelle·
2163 3164 2466 3227 cumea-tissa]
2503 3167 2688 3214 Memo-

1477 3232 1610 3278 rialis
1638 3232 1823 3277 libellus
1847 3240 1921 3278 est
1945 3232 2150 3278 Erasmo
2184 3229 2412 3287 scriptum
2448 3229 2689 3277 memoriae

1476 3310 1651 3341 caussa
1674 3302 1913 3353 paratum.
1978 3292 2232 3355 Ejusmodi
2267 3302 2427 3338 autem
2459 3293 2688 3352 scriptum

1474 3374 1570 3404 non
1597 3358 1738 3404 unica
1762 3358 1959 3418 pagina,
1977 3359 2060 3402 sed
2084 3356 2296 3414 pluribus
2314 3365 2537 3402 constare
2551 3355 2689 3413 solet,

1473 3421 1588 3480 quia
1603 3420 1744 3479 plura
1760 3430 2001 3479 sunt,qua2
2020 3419 2259 3464 memoriae
2274 3421 2687 3474 commendamus,

1476 3499 1580 3542 quae
1606 3483 1729 3529 adel»
1753 3499 1847 3529 non
1868 3482 2008 3529 unica
2026 3481 2207 3542 pagina
2222 3491 2417 3540 possent
2435 3482 2688 3528 contineri.

1478 3549 1645 3593 Caesar
1668 3545 1781 3594 vero
1802 3545 1908 3592 cum
1943 3544 2184 3605 longiores
2217 3545 2444 3602 epistolas
2478 3546 2688 3591 scribere

1479 3610 1776 3667 instituisset,
1799 3608 2034 3669 ejusmodi
2071 3608 2260 3667 scripsit
2296 3607 2542 3666 epistolas,
2582 3622 2688 3667 quae

1479 3673 1640 3733 plures
1658 3673 1864 3733 paginas
1887 3670 2157 3730 implerent.

1543 3737 1614 3782 13.
1657 3735 1777 3783 Ciam
1807 3739 1946 3780 antea
1983 3732 2190 3780 comulas
2221 3737 2262 3778 et
2299 3731 2436 3778 duces
2468 3745 2564 3778 non
2597 3730 2692 3778 nisi

1474 3799 1733 3846 transcend
1754 3797 1918 3844 charta
1940 3796 2168 3842 mitterent
2190 3793 2418 3856 scriptam]
2485 3794 2594 3840 Hoc
2617 3803 2692 3840 est

1474 3875 1607 3908 more
1645 3868 1812 3906 nostro
1851 3860 2130 3913 seriberent,
2166 3873 2260 3903 non
2299 3856 2510 3916 prorsus,
2545 3857 2591 3902 id
2615 3865 2691 3903 est

1474 3933 1607 3980 ante,
1644 3925 1729 3969 sed
1769 3936 1931 3968 rursus
1969 3922 2048 3968 vel
2085 3928 2232 3977 retro,
2271 3929 2323 3967 ut
2353 3919 2540 3966 dicitur.
2607 3917 2688 3965 Sic

1475 3987 1674 4034 Plautus
1697 3985 1747 4032 in
1765 3984 2001 4033 Pseudolo
2021 4002 2030 4029 :

1470 4111 1584 4160 Non
1609 4126 1814 4175 prorsus,
1835 4124 1995 4220 veit-tim
2016 4123 2075 4158 ex
2097 4114 2350 4157 transverso
2380 4105 2515 4160 cedit,
2553 4104 2692 4166 quaa·

1658 4189 1824 4222 cancer
1843 4187 1891 4222 so
1913 4178 1971 4221 et.

1472 4302 1552 4348 Es·
1574 4304 1853 4347 transversus
1874 4298 1956 4360 agi
1978 4297 2153 4345 dicitur
2171 4296 2359 4350 Latine,
2377 4290 2516 4353 quivi
2534 4301 2580 4339 et
2600 4293 2687 4340 im-

1440 4362 1445 4368 ’
1472 4373 1584 4422 pecu
1616 4365 1828 4422 quodam
1862 4364 1925 4407 ab
1959 4361 2173 4407 instituto
2205 4358 2490 4404 deflectitur.
2556 4355 2685 4401 Duc-

1470 4436 1573 4473 tum
1597 4433 1819 4485 apparet,
1842 4424 1994 4482 inquit
2019 4422 2266 4476 Erasmus,
2284 4420 2312 4468 a
2329 4420 2685 4478 navigantubus,

1471 4490 1553 4548 qui
1576 4489 1786 4534 secundo
1803 4497 1962 4542 vento,
1987 4495 2117 4531 recto
2140 4498 2285 4529 cursu
2307 4483 2541 4537 seruntur,
2565 4481 2687 4528 flatu

1471 4554 1675 4598 adverso
1694 4549 1953 4597 transversi
1977 4556 2200 4604 aguntur.

1534 4617 1610 4660 23.
1645 4614 1737 4660 Aut
1772 4612 1813 4658 si
1836 4610 1957 4659 nihi!
1977 4613 2151 4672 ageret,
2173 4608 2417 4674 septenas]
2455 4608 2508 4653 ld
2531 4614 2621 4662 est,
2642 4606 2686 4661 si

1470 4692 1626 4739 neque
1647 4677 1846 4739 legeret,
1869 4688 2025 4735 neque
2057 4672 2279 4730 dictaret,
2302 4684 2456 4730 neque
2480 4668 2692 4738 audiret.
