3059 5050
319 249 443 313 228

1144 239 1268 304 DE
1314 238 1619 303 BELLO
1664 238 1941 303 CIVILI

410 390 603 453 Coria
631 399 852 466 autem,
911 410 987 451 ne
1039 410 1240 451 rursus
1272 390 1398 471 igni
1431 410 1503 451 ac
1545 387 1849 472 lapidibus
1896 397 2380 469 corrumpantur,
2426 382 2797 447 centonibus

407 491 830 553 conteguntur.

921 472 1058 536 Hoc
1091 496 1242 557 opus
1275 495 1454 536 omne
1485 488 1704 535 tectum
1737 472 1925 534 vineis
1957 472 2033 534 ad
2083 473 2273 553 ipsam
2304 470 2511 532 turrim
2546 470 2797 552 perfici-

409 576 536 637 unt,
569 560 886 641 subitoque
917 559 1367 642 inopinantibus
1400 560 1688 634 hostibuS,
1738 558 2184 619 machinatione
2212 556 2434 632 navali,
2464 555 2797 638 phalangis

413 634 713 727 siibjectis,
745 646 823 706 ad
867 646 1072 705 turrim
1105 644 1362 705 hostium
1395 644 1737 719 admovent,
1764 658 1827 704 ut
1858 642 2121 704 aedificio
2137 643 2453 722 jungatur.

332 735 370 793 ⁵
502 730 616 793 XI.
664 732 808 810 Quo
840 730 1002 791 malo
1033 730 1327 812 perterriti
1371 728 1569 789 subito
1602 728 1911 811 oppidani,
1943 748 2093 789 saxa
2135 727 2314 808 quium
2357 726 2628 787 maxima
2652 746 2798 809 pos-

415 831 573 892 sunt,
629 818 898 876 vectibus
953 828 1327 898 promovent,
1382 813 1881 896 praecipitataque
1911 832 2086 873 muro
2126 812 2189 873 in
2220 811 2554 872 musculum
2584 811 2799 872 devol-

416 916 582 962 vunt.
671 899 866 961 Ictum
901 900 1150 960 firmitas
1181 900 1451 961 materiae
1483 900 1767 959 sustinetx
1812 912 1870 958 et
1923 897 2218 979 quidquid
2272 896 2499 973 incidit,
2550 895 2800 976 fastigio

419 986 671 1047 musculi
727 986 1002 1047 elabitur.

1093 984 1162 1045 ld
1191 984 1292 1045 ubi
1325 984 1549 1058 vident,
1604 997 1835 1045 mutant
1894 982 2250 1045 consilium:
2296 1001 2481 1065 cupas
2530 981 2695 1042 taeds
2727 1002 2800 1042 ac

419 1092 554 1153 pice
585 1070 828 1131 refertas
855 1071 1200 1145 incendunt,
1228 1091 1448 1151 easque
1478 1070 1553 1131 de
1582 1089 1758 1129 muro
1788 1068 1849 1129 in
1881 1067 2215 1128 musculum
2259 1066 2605 1128 devolvunt.
2695 1064 2800 1127 In-

342 1156 644 1218 lOiolutoe
677 1156 997 1232 labuntur3
1043 1156 1310 1237 delapsae
1337 1156 1414 1215 ab
1445 1154 1749 1228 lateribuS,
1782 1151 2096 1233 longuriis,
2144 1151 2447 1234 furcisque
2489 1152 2568 1212 ab
2616 1172 2800 1234 opere

419 1254 820 1302 removentur.

913 1238 1155 1301 Interim
1189 1241 1299 1301 sub
1330 1239 1604 1301 musculo
1636 1239 1850 1300 milites
1878 1239 2144 1299 vectibus
2183 1238 2392 1299 infima
2440 1258 2591 1297 saxa
2621 1238 2799 1297 turris

420 1326 699 1402 hostium,
733 1327 950 1407 quibus
976 1325 1360 1386 fundamenta
1393 1325 1874 1401 continebantur,
1924 1322 2289 1385 convellunt.
2376 1320 2688 1383 Masculus
2715 1342 2792 1384 ex

419 1414 566 1472 turri
603 1412 860 1472 lateritia
890 1412 925 1471 a
957 1410 1194 1486 nostris,
1243 1410 1374 1471 telis
1426 1411 1875 1490 tormentisque,
1930 1408 2305 1470 defenditur:
2350 1408 2670 1488 hostesque
2719 1428 2800 1469 ex

423 1517 597 1557 muro
627 1518 700 1557 ac
733 1496 991 1556 turribus
1022 1496 1471 1557 submoventur.

347 1581 697 1643 l5sat·nltas.

1562 1493 1619 1556 N
1628 1515 1708 1556 on
1761 1494 1938 1556 datur
1991 1492 2185 1554 libera
2237 1493 2389 1554 muri
2439 1490 2799 1554 defendendi

788 1579 1223 1663 Compluribus
1239 1581 1373 1661 jam
1407 1580 1709 1663 lapidibus
1733 1601 1809 1640 ex
1840 1579 1931 1655 ea,
1988 1599 2129 1660 quoe
2177 1579 2436 1653 suberat,
2482 1577 2629 1638 turri
2663 1579 2800 1638 sub-

421 1666 635 1742 ductis,
687 1666 997 1749 repentina
1052 1665 1222 1727 ruina
1254 1686 1395 1748 pars
1424 1671 1552 1747 eJus
1600 1666 1775 1726 turris
1805 1664 2113 1742 concidit3
2159 1684 2300 1746 pars
2330 1663 2564 1746 reliqua
2590 1683 2800 1724 conse-

422 1773 609 1832 quens
655 1752 1111 1835 procumbebat.

507 1835 657 1898 XII.
703 1835 868 1898 Tum
925 1839 1122 1898 hostes
1170 1837 1347 1899 turris
1391 1835 1702 1921 repentini

1732 1834 1903 1897 ruini
1932 1835 2240 1912 commoti,
2297 1834 2612 1919 inopinato
2643 1832 2803 1895 maio

420 1924 667 1999 turbati,
703 1921 972 1984 Deorum
1006 1922 1096 1983 ira
1127 1922 1404 2006 perculsi,
1454 1922 1619 1983 urbis
1649 1922 1984 2003 direptione
2014 1920 2330 2004 perterriti,
2378 1920 2636 1982 inermes
2666 1939 2802 1979 cum

339 2007 625 2069 20insnlis
670 2030 795 2069 sese
829 2008 1003 2092 porta
1035 2007 1194 2070 foras
1243 2007 1502 2069 universi
1525 2005 1530 2010 ’
1554 2007 1931 2089 proripiunt;
1959 2007 2052 2069 ‚ad
2086 2005 2336 2085 legatOS,
2370 2018 2550 2085 atque
2573 2004 2804 2066 exemi·

425 2107 547 2153 tum
577 2093 877 2176 supplices
902 2114 1113 2153 manus
1139 2093 1408 2154 tendunt.

1500 2092 1643 2171 Qua
1668 2091 1826 2151 novi
1854 2112 1917 2152 re
1947 2090 2170 2165 oblata,
2202 2090 2398 2151 omnis
2424 2089 2805 2151 administra-

425 2177 511 2239 tio
543 2179 682 2238 belli
715 2178 1024 2238 consistit:
1073 2177 1406 2257 militesque
1438 2179 1630 2236 aversi
1664 2178 1698 2237 a
1731 2176 1967 2257 proelio,
2012 2175 2091 2236 ad
2141 2176 2399 2237 studium
2432 2175 2712 2236 audiendi
2742 2190 2803 2235 et

424 2262 833 2339 cognoscendi
867 2263 1153 2323 seruntur.

1241 2259 1368 2322 Ubi
1401 2261 1599 2321 hostes
1649 2261 1725 2321 nd
1780 2260 2013 2341 legatos
2036 2260 2489 2342 exercitumque
2519 2280 2800 2344 pervene-

426 2362 583 2419 runt,
617 2346 876 2407 universi
910 2368 971 2407 se
997 2348 1074 2408 ad
1107 2348 1287 2430 pedes
1320 2345 1680 2428 projiciunt:
1730 2360 1926 2420 orant,
1972 2360 2036 2406 ut
2084 2345 2376 2408 adventus
2400 2344 2673 2407 Coesaris
2699 2367 2806 2407 ex·

342 2434 765 2512 25spectetnr:
811 2446 1051 2514 captam
1086 2452 1254 2492 suam
1284 2432 1488 2491 urbem
1521 2429 1744 2507 videre,
1778 2451 1965 2512 opera
1995 2430 2279 2513 perfecta,
2327 2444 2551 2492 turrem
2596 2433 2810 2492 subru-

429 2529 590 2578 tam:
639 2518 840 2598 itaque
871 2518 907 2577 a
931 2515 1276 2579 defensione
1302 2514 1619 2578 desistere:
1666 2515 1892 2578 nullam
1924 2516 2149 2578 exoriri
2186 2537 2419 2579 moram
2460 2538 2655 2600 posse,
2688 2538 2810 2599 quo

429 2602 647 2676 minim,
680 2623 863 2682 quum
896 2603 1169 2678 venisset,
1202 2603 1250 2662 si
1283 2603 1579 2684 imperata
1608 2624 1728 2662 non
1775 2601 2057 2679 facerent,
2099 2603 2176 2663 ad
2225 2617 2433 2664 nutum
2468 2603 2504 2663 ὲ
2554 2603 2811 2684 vestigio

429 2686 847 2769 diriperentur.

937 2685 1198 2762 Docent,
1232 2685 1278 2746 si
1311 2687 1559 2746 omnino
1591 2686 1766 2747 turris
1796 2688 2173 2765 concidisset,
2206 2709 2327 2750 non
2366 2709 2544 2771 posse
2596 2688 2811 2749 milites

430 2771 745 2847 contineri,
778 2770 922 2852 quin
949 2793 1053 2853 spe
1080 2771 1310 2853 praedae
1342 2771 1401 2831 in
1437 2772 1645 2831 urbem
1672 2773 2089 2855 irrumperent,
2146 2775 2475 2855 urbemque
2523 2773 2808 2835 delerent.

348 2854 611 2932 sonmo,
645 2870 823 2938 atque
843 2857 1107 2937 ejusdem
1132 2855 1368 2934 {tenteris
1399 2857 1734 2940 complura,
1764 2872 1828 2918 ut
1858 2858 1936 2919 ab
1968 2858 2311 2921 hominibus
2340 2859 2556 2936 doctiS,
2588 2859 2807 2940 magnii

430 2963 567 3004 cnm
603 2942 1012 3003 misericordia
1038 2942 1294 3024 fletuque
1322 2943 1803 3024 pronuntiantur.

517 3025 701 3089 XIII.
749 3027 990 3110 Quibus
1021 3030 1200 3089 rebus
1230 3029 1513 3088 commoti
1548 3027 1753 3108 legati,
1782 3029 1995 3091 milites
2020 3052 2095 3092 cx
2128 3051 2309 3114 opere
2338 3032 2665 3109 deducunt,
2701 3051 2812 3114 op-

432 3115 811 3197 pugnatione
831 3114 1140 3192 desistunt,
1169 3117 1451 3197 operibus
1472 3115 1776 3175 custodias
1802 3115 2163 3197 relinquunt.

434 3200 574 3260 dam
609 3221 829 3276 genere
868 3199 1279 3260 misericordia
1308 3199 1488 3275 sactu,
1541 3200 1828 3261 adventus
1873 3200 2140 3262 Coesaris
2169 3215 2570 3286 exspectatur.

2254 3115 2643 3179 Induciarum
2664 3138 2811 3199 quo-

2660 3201 2811 3264 Nul-

350 3284 557 3346 35lum
590 3306 666 3344 ex
701 3305 893 3358 muro,
927 3283 1154 3345 nullum
1188 3288 1225 3345 εἰ
1266 3285 1484 3345 nostris
1515 3284 1767 3346 mittitur
1798 3285 1977 3347 telum
2008 3308 2023 3346 t
2071 3299 2136 3348 ut
2164 3308 2228 3349 re
2258 3286 2554 3363 confecta,
2608 3308 2817 3349 omnes

434 3389 642 3428 curam
675 3382 733 3428 et
762 3368 1136 3444 diligentiam
1181 3369 1506 3429 remittunt.
1598 3368 1814 3432 Caesar
1860 3371 2017 3433 enim
2072 3394 2179 3454 per
2226 3372 2451 3434 litteras
2497 3371 2815 3434 Trebonio

437 3473 809 3533 magnopere
835 3453 1246 3529 mandaverat,
1277 3465 1353 3515 ne
1382 3475 1491 3537 per
1520 3454 1642 3515 vim
1674 3456 1965 3540 oppidum
1988 3459 2328 3540 expugnari
2354 3473 2698 3542 pateretur3
2742 3479 2816 3520 ne

352 3612 493 3668 cocti,
525 3611 606 3670 qui
630 3609 667 3654 si
695 3609 801 3667 igne
825 3609 1023 3655 tuissent
1047 3610 1187 3666 cocti,
1211 3625 1307 3656 non
1325 3625 1461 3670 aqut
1485 3609 1556 3655 su·

353 3683 502 3723 issent
529 3672 861 3731 penetrabiles.

416 3739 449 3782 3
489 3733 747 3792 Phalangis
765 3732 1009 3797 subjeclt‘s]
1036 3735 1143 3782 Hac
1167 3734 1215 3780 in
1233 3735 1553 3794 descriptione

361 3800 496 3858 tigna
520 3808 626 3843 sunt
649 3797 797 3856 ligna,
819 3811 924 3853 quie
946 3797 1147 3844 dicimus
1174 3804 1373 3860 punires,
1397 3799 1555 3843 trabes

359 3861 471 3908 verb
495 3876 613 3919 quas
638 3859 934 3918 appellamus
971 3860 1141 3907 salices.
1207 3862 1306 3906 Nec
1329 3861 1470 3906 aliam
1494 3862 1555 3906 ob

357 3939 552 3971 cansam
578 3922 604 3968 ’ἰι
634 3923 823 3967 Caesare
857 3923 908 3967 fit
929 3922 1069 3983 hujus
1093 3924 1324 3969 machine
1347 3933 1446 3969 tam
1477 3939 1556 3968 ac·

261 4001 268 4008 ·
359 3999 528 4034 ‹zu-ata
567 3984 844 4043 liligensque
867 3985 1144 4042 descriptio,
1167 3985 1305 4042 quam
1322 3987 1431 4043 quia
1455 3995 1557 4032 erat

359 4049 431 4095 ins
455 4050 563 4094 dua.
635 4049 730 4092 Nec
753 4063 780 4091 e
802 4047 877 4091 iim
915 4047 1057 4104 tigni.
1082 4057 1100 4092 t
1117 4049 1353 4093 ·abibnsve
1377 4049 1423 4093 in
1458 4048 1557 4093 istis

362 4111 430 4158 nti
447 4113 680 4164 uolebant,
699 4112 780 4156 mi
801 4109 1051 4155 levioribus
1070 4111 1210 4166 lignis
1226 4119 1273 4156 et
1291 4111 1558 4167 viminibus,

362 4188 563 4232 quorum
595 4174 669 4218 hic
698 4174 852 4218 nullus
886 4187 996 4218 usus
1024 4174 1223 4220 videtur.
1287 4172 1558 4233 phalanges

364 4243 413 4280 et
431 4236 682 4296 phalangas
699 4236 933 4282 dicuutur.
989 4234 1212 4297 Virgilius
1229 4235 1391 4296 lapsus
1406 4243 1560 4281 vocat.

736 4360 1012 4423 pedibusque
1034 4365 1239 4408 rotarum

619 4423 878 4487 Subjiciunl
902 4425 1196 4486 lapsus.—

371 4542 578 4590 scutata
615 4545 742 4592 infra
783 4549 1004 4594 dicuntur
1045 4551 1107 4595 ab
1149 4552 1316 4596 eodem
1356 4549 1565 4607 cesare,

369 4603 590 4651 Hebron
621 4605 651 4652 i
683 4622 802 4654 voce
835 4607 928 4660 ἡ»
966 4611 1156 4668 Ρὴαίεσ,
1191 4613 1317 4658 unde
1360 4612 1570 4660 Arabica

1688 3611 1758 3657 10.
1789 3611 1860 3659 Ab
1874 3611 2129 3673 lateribus]
2166 3612 2272 3658 Non
2288 3612 2462 3660 lateres
2481 3612 2716 3673 intellig-it,
2734 3616 2815 3659 sed

1619 3672 1773 3719 latera
1795 3677 1856 3720 ab
1879 3674 2076 3732 utraque
2098 3684 2236 3731 parte
2258 3676 2471 3721 musculi.
2536 3676 2613 3722 De
2636 3691 2814 3724 muscu-

1618 3735 1665 3780 lo
1684 3739 1749 3782 dit
1764 3749 1861 3782 tum
1885 3752 2031 3794 supra
2052 3738 2118 3782 lib
2152 3752 2239 3784 vu.
2257 3740 2317 3784 de
2334 3738 2458 3784 bello
2473 3739 2676 3786 Gallico.

1689 3800 1757 3845 19.
1796 3801 1918 3847 Cum
1939 3799 2144 3863 infidia]
2178 3799 2353 3857 Insula,
2396 3810 2448 3847 ut
2484 3811 2687 3848 testatur
2710 3801 2816 3860 Ser*

1620 3860 1720 3907 vius
1743 3863 1821 3907 lib.
1848 3879 1889 3909 x.
1914 3863 2103 3917 AEneid,
2140 3873 2243 3909 erat
2282 3862 2430 3912 fuscia
2464 3864 2511 3910 in
2533 3865 2815 3912 diadematis

1621 3939 1819 3981 morem,
1856 3929 1915 3971 de
1938 3924 2031 3982 qua
2062 3935 2199 3982 parte
2228 3929 2289 3973 ab
2325 3926 2522 3985 utraque
2544 3928 2813 3985 pendebant

1621 3987 1761 4033 vittae.
1826 3989 2120 4034 Ornamenta
2156 3997 2292 4036 erant
2331 3990 2651 4045 sacerdotum,
2688 3989 2816 4036 victi-

1623 4064 1805 4095 marum
1828 4060 1873 4095 et
1898 4050 2196 4108 supplicium,
2230 4050 2401 4109 quibus
2426 4051 2556 4098 haud
2578 4053 2815 4098 absimile.

1622 4120 1728 4157 sunt
1754 4112 1881 4159 vittae
1902 4113 2023 4158 binae
2046 4113 2264 4171 utrinque
2285 4128 2343 4159 ex
2360 4114 2695 4173 episcoporum
2714 4129 2817 4160 nos-

1622 4183 1801 4220 trorum
1825 4174 1975 4221 mitris
1996 4177 2337 4235 dependentes,
2368 4192 2473 4237 quae
2494 4186 2541 4223 et
2564 4178 2677 4224 hinc
2701 4173 2820 4223 sonti

1624 4247 1925 4295 sumpserunt
1946 4237 2194 4299 originem.
2688 4254 2693 4259 ·

1685 4300 1762 4345 30,
1800 4298 1857 4345 U!
1878 4300 1936 4346 ab
1956 4299 2220 4348 Ιιοηιίηἰόω
2237 4299 2415 4362 εἰσαεὶ]
2449 4302 2608 4349 Tanta
2621 4311 2727 4349 erat
2744 4317 2820 4348 eo-

1626 4377 1728 4408 rum
1751 4361 1975 4408 doctrinae
2008 4364 2156 4420 sama,
2187 4372 2240 4409 ut
2270 4363 2548 4411 nobilissimi
2582 4365 2821 4412 Romano-

1628 4438 1732 4470 rum
1755 4425 1966 4471 discendi
2003 4426 2159 4472 studio
2190 4439 2277 4485 pro
2315 4427 2590 4474 Atheniensi
2613 4427 2822 4488 peregri·

1628 4487 1821 4533 natione
1855 4486 2205 4534 Massiliensem
2243 4488 2539 4548 susciperunt
2574 4490 2823 4537 Strabonis

1630 4558 1785 4605 mate,
1818 4547 1897 4607 qui
1930 4550 2033 4610 ejus
2068 4551 2134 4597 rei
2168 4559 2307 4597 autor
2338 4561 2426 4608 est,
2458 4552 2537 4598 lib.
2573 4567 2641 4600 iv.
2708 4553 2824 4600 Item

1631 4611 1803 4658 Cicero
1826 4611 1873 4657 in
1896 4613 2110 4658 oratione
2127 4627 2214 4671 pro
2232 4613 2423 4662 Flacco.
2488 4615 2825 4664 normannus

1629 4674 1771 4721 sumit
1789 4688 1881 4735 pro
1900 4673 2044 4721 doctis
2063 4674 2127 4721 ad
2145 4675 2243 4723 hoc:
