3059 5050
1249 288 1533 361 LIBER
1573 287 1691 359 111.
2594 306 2720 367 24⁵

270 442 510 508 cuniam
539 454 864 526 exegerat3
906 462 1164 523 magnas
1226 442 1541 506 societates
1591 463 1797 507 earum
1826 442 2300 526 provinciarum,
2332 464 2480 527 quas
2510 447 2641 533 ipse

271 530 599 606 obtinebat,
631 529 743 590 sibi
775 547 1094 590 numerare
1122 529 1429 608 coegerat.

353 612 467 675 IV.
513 612 819 695 Legiones
848 610 1126 675 effecerat
1164 611 1386 674 civium
1434 610 1857 675 Romanorum
1906 633 1991 674 lx.
2040 633 2079 674 v
2125 633 2204 674 ex
2256 610 2457 693 Italia,
2488 638 2637 700 quas

269 699 717 773 transduxerat,
774 716 953 759 unam
984 718 1059 757 ex
1091 694 1304 757 Sicilia
1343 711 1709 773 veteranam,
1769 717 1972 778 quam,
2026 696 2248 759 factam
2278 718 2353 761 ex
2384 701 2636 778 duabus,

270 781 592 862 gemellam
624 780 1005 864 appellabat3
1052 800 1229 841 unam
1259 801 1337 841 ex
1370 780 1558 842 Creta
1579 794 1639 841 et
1667 779 2057 857 Macedonia,
2086 802 2164 844 ex
2194 786 2488 846 veteranis
2526 786 2637 848 mi-
2681 791 2720 849 5

269 866 496 941 litibus„
521 866 624 948 qui
655 865 882 927 dimissi
930 866 968 927 a
1010 864 1416 946 superioribus
1439 865 1908 948 imperatoribus
1949 866 2012 927 in
2042 866 2131 928 iis·
2142 866 2468 949 provinciis
2493 890 2639 932 con-

273 951 597 1028 sederant3
643 971 694 1012 11
747 971 821 1011 ex
849 949 1018 1022 Asia,
1051 969 1199 1030 quas
1224 947 1518 1011 Lentulus
1546 950 2014 1012 conscribendas
2044 964 2378 1013 curaverat.
2465 952 2641 1016 Prae-

271 1048 434 1096 terea
465 1055 749 1116 magnum
779 1052 1089 1094 numerum
1134 1053 1212 1095 ex
1259 1032 1602 1110 Thessalia,
1660 1033 1928 1110 Boeotia,
1985 1035 2244 1111 Achaia,
2300 1034 2641 1119 Epiroque,
2692 1088 2704 1097 .

271 1119 666 1202 supplementi
696 1118 937 1181 nomine
964 1118 1028 1178 in
1057 1116 1328 1198 legiones
1358 1118 1760 1180 distribuerat.
1847 1116 1963 1180 His
1990 1119 2373 1182 Antonianos
2424 1116 2651 1184 milites

270 1203 687 1264 admiscuerat.
771 1200 1011 1263 Praeter
1056 1202 1166 1263 has
1212 1205 1605 1286 exspectabat
1655 1224 1794 1264 cum
1843 1199 1947 1264 Sci
1994 1203 2133 1265 ione
2185 1225 2261 1267 ex
2321 1204 2504 1287 Syria
2554 1206 2726 1271 le-lo

266 1288 475 1365 giones
507 1308 621 1348 11.:
666 1286 1012 1367 sagittarios
1039 1308 1117 1348 ex
1149 1284 1359 1363 Creta,
1402 1287 1874 1365 Lacedaemone,
1920 1226 2147 1365 Issonto,
2200 1302 2380 1370 atque
2433 1290 2638 1373 Syria,

265 1370 625 1453 reliquisque
679 1371 1046 1448 civitatibus,
1106 1392 1207 1433 111.
1255 1371 1444 1433 millia
1480 1393 1734 1434 numero
1764 1373 2071 1435 habebat:
2113 1373 2483 1437 funditorum
2535 1398 2641 1438 co-

262 1455 462 1517 hortes
491 1477 619 1518 vn:
664 1457 1069 1518 mercenarias
1098 1477 1213 1518 11.:
1257 1456 1484 1538 equites
1513 1479 1629 1518 vn.
1660 1456 1887 1519 millia:
1933 1480 2009 1520 ex
2058 1458 2275 1540 quibus
2326 1481 2434 1521 ne.
2490 1459 2640 1524 Gal-

261 1539 352 1600 los
382 1539 711 1603 Deiotarus
740 1541 1100 1617 adduxerat,
1130 1562 1194 1602 1).
1216 1541 1659 1603 Ariobarzanes
1684 1564 1762 1603 ex
1784 1540 2189 1626 Cappadocia
2213 1565 2229 1603 z
2277 1544 2355 1606 ad
2379 1547 2634 1608 eundem

260 1646 578 1687 numerum
610 1623 805 1687 Cotus
834 1646 912 1687 ex
958 1622 1230 1687 Thracia
1258 1625 1524 1702 dederat,
1556 1641 1614 1688 et
1643 1625 1930 1689 Sadalem
1962 1628 2150 1689 filium
2181 1627 2441 1691 miserat.
2528 1628 2719 1694 Ex15

261 1793 422 1835 nesus,
453 1787 503 1825 ut
525 1794 589 1825 ex
626 1778 842 1825 Homero
863 1780 1035 1838 probat
1059 1778 1259 1824 Strabo:
1293 1786 1464 1837 postea

261 1841 378 1889 vero
415 1850 565 1888 totam
601 1841 700 1887 fere
732 1840 1114 1897 Peloponnesum
1135 1840 1405 1898 complexa,
1436 1839 1463 1885 ὸ

263 1919 363 1963 qua
384 1901 567 1951 tantum
596 1902 959 1961 excipiebantur
992 1902 1204 1948 Arcadia
1233 1911 1282 1948 et
1313 1902 1463 1948 Laco-

262 1965 501 2013 daemonia
522 1980 537 2022 ;
586 1965 672 2011 sed
723 1973 773 2010 et
824 1963 908 2010 illa
959 1963 1072 2010 olim
1120 1966 1465 2010 accensebatur

265 2027 476 2082 Achaia,
519 2026 616 2073 imo
655 2028 850 2073 tandem
894 2028 982 2071 sub
1015 2025 1372 2084 Philopoemene
1415 2026 1463 2071 in

265 2092 547 2136 Achaeorum
581 2088 855 2135 societatem
891 2089 1032 2134 venit.
1097 2089 1256 2137 Achaei
1279 2097 1461 2146 postre-

262 2153 328 2199 mi
345 2151 556 2197 omnium
574 2151 848 2198 Grateorum
863 2146 1130 2196 libertatem
1151 2150 1457 2196 retinuerunt.

261 2213 527 2272 Propterea
546 2211 622 2258 bic
644 2212 866 2260 dicuntur
896 2212 1032 2258 liberi
1057 2212 1336 2259 Achaeorum
1373 2228 1458 2271 po·

261 2276 372 2334 puli.
438 2274 672 2322 Achaiam
690 2288 867 2322 mertun
898 2273 1127 2323 Groedmn
1150 2283 1288 2322 vocat
1311 2274 1456 2321 Plini-

259 2346 316 2384 us
331 2353 441 2385 vm.
457 2338 594 2396 epist.
621 2336 734 2382 Asia
747 2336 892 2385 etium
909 2347 983 2383 est
1004 2337 1189 2383 Achaia
1210 2336 1333 2383 inter
1349 2337 1455 2384 Ma·

259 2399 512 2446 eedoniam
534 2408 583 2446 et
605 2398 1000 2457 Peloponnesum.

329 2463 368 2507 1.
420 2461 658 2509 Sosiclem
676 2474 836 2508 aarum
859 2461 1243 2524 provinciarum]
1296 2461 1455 2508 Socie-

261 2532 385 2571 tates
407 2524 638 2584 ejusmodi
660 2533 797 2571 erant
820 2524 1199 2582 publicanorum,
1236 2525 1314 2582 qui
1337 2526 1454 2582 pub-

265 2587 360 2633 lica
385 2587 564 2633 tributa
583 2587 899 2642 redemerant,
935 2601 1061 2633 nunc
1086 2586 1268 2634 Gallice
1290 2588 1453 2633 dicun-

262 2660 341 2695 tur
383 2646 700 2709 Compagnies.
763 2647 884 2694 ltem
925 2663 1132 2707 corpora
1161 2658 1209 2695 et
1251 2649 1457 2709 collegia

260 2710 338 2757 lib.
362 2726 395 2758 1.
420 2710 602 2771 Digest.
635 2711 842 2768 quinque
861 2711 929 2756 eis
950 2719 1203 2769 praet-ant,
1238 2711 1455 2771 magistri

258 2772 540 2820 societatum
582 2773 881 2829 dicebantur,
921 2772 1001 2818 lib.
1040 2787 1108 2820 rv.
1171 2773 1357 2832 Digest.
1394 2775 1456 2820 de

258 2836 427 2893 pactis.

320 2900 365 2943 5.
403 2896 581 2956 Crem]
617 2895 765 2943 Creta
801 2896 914 2942 olim
950 2903 1141 2942 eentum
1178 2897 1372 2943 urbibus
1408 2905 1456 2943 et

256 2959 391 3005 Jovis
411 2960 546 3005 clara
576 2958 828 3015 natalibus,
861 2967 1119 3017 propterea
1147 2957 1276 3004 dicta
1301 2959 1457 3004 Heca·

261 3021 506 3079 tompolis,
527 3022 648 3066 sorte
671 3020 784 3080 pagi
807 3018 888 3065 ius
918 3023 1202 3077 tempestate
1225 3021 1367 3067 urbes
1387 3019 1457 3066 di-

258 3084 509 3137 cebantur,
531 3096 731 3140 quarum
763 3080 992 3140 primaria
1020 3088 1093 3127 est
1125 3081 1348 3138 Matium,
1384 3095 1455 3128 se-

256 3145 417 3190 cunda
448 3143 632 3199 Canes,
652 3143 768 3190 olim
785 3142 976 3202 Cydon,
996 3144 1123 3190 unde
1145 3143 1275 3189 mala
1296 3143 1455 3203 Cydo-

258 3208 356 3253 nia.
420 3206 507 3252 Ida
540 3220 676 3252 mons
706 3213 779 3252 est
811 3205 860 3250 in
893 3205 1049 3252 media
1080 3204 1252 3252 insula.
1314 3205 1456 3253 Nunc

258 3276 371 3315 ante
392 3267 576 3327 aliquot
597 3281 750 3316 annos
789 3266 835 3312 in
874 3265 1137 3320 Tui-carum
1169 3274 1457 3327 potestatem

257 3332 473 3388 redacta,
495 3326 712 3378 Ganda-

319 3392 389 3440 lb.
419 3389 735 3452 Macedonia]
777 3390 1064 3438 Macedonia
1093 3391 1206 3438 olim
1248 3392 1457 3439 Alexan·

257 3454 332 3500 dri
350 3454 513 3515 insigni
534 3467 754 3513 reg-num,
776 3461 889 3501 tunc
911 3461 1070 3500 autem
1092 3452 1140 3499 in
1159 3454 1456 3513 provinciam

256 3515 528 3563 aRomanis
561 3516 783 3562 redacta:
817 3516 962 3563 habet
998 3515 1454 3574 adseptentriooem

260 3587 444 3625 montes
466 3578 736 3633 Dalmatioe,
773 3579 837 3624 ad
873 3578 1121 3624 meridiem
1154 3578 1454 3627 Thessaliam

258 3647 309 3686 et
325 3640 540 3698 Epirum,
555 3642 617 3686 ad
638 3639 869 3687 orientem
891 3641 1128 3699 AEgaaum,
1149 3642 1212 3687 ad
1234 3641 1453 3687 occiden-

258 3711 356 3747 tem
385 3702 568 3748 lonium
606 3717 755 3749 mare.
817 3703 1011 3749 Grecos
1044 3703 1304 3762 superavit,
1340 3703 1452 3762 quia

257 3761 364 3809 sola
385 3764 657 3811 Grecos-um
674 3764 982 3812 monarchico
996 3767 1219 3814 utebatur
1236 3766 1454 3824 imperio,

256 3828 386 3885 quod
407 3828 469 3873 ad
491 3828 809 3888 propaganda
830 3827 1030 3886 imperia
1046 3836 1118 3874 est
1134 3827 1450 3885 aptissimum,

254 3896 305 3934 et
328 3889 505 3935 Grtecis
527 3888 696 3947 potita,
718 3890 860 3936 facile
896 3903 983 3948 per
1003 3904 1085 3937 eos
1121 3897 1272 3936 totum
1295 3890 1450 3936 orien-

255 3959 353 3997 tem
385 3951 586 4008 domuit,
628 3951 706 4010 qui
739 3951 1024 4010 populorum
1068 3952 1280 3998 omnium
1313 3961 1454 3998 eram

254 4013 398 4070 primi
421 4013 698 4060 fortitudine
713 4022 762 4060 et
779 4013 1027 4073 sapientis.

316 4078 362 4120 8.
403 4073 672 4136 nuntia]
706 4075 972 4132 Thessalia,
1074 4075 1146 4121 ‘us
1172 4076 1454 4134 metropolis

255 4136 467 4194 Larissa,
489 4138 635 4184 babet
670 4140 733 4185 ab
753 4138 1001 4185 occidente
1079 4136 1252 4196 pirum,
1275 4140 1337 4184 ab
1359 4138 1450 4183 ori·

253 4209 364 4246 ente
402 4200 737 4247 Thermaicum
773 4202 944 4256 sinum,
979 4198 1008 4246 a
1049 4200 1451 4257 septentrionibus

254 4261 611 4318 Macedoniam,
631 4260 662 4311 a
682 4261 878 4310 meridie
901 4261 1013 4309 verb
1035 4261 1280 4308 Boeotiam.

313 4324 384 4369 lb.
417 4324 633 4385 Baetim]
665 4323 868 4380 Boetia,
883 4324 1019 4385 cujus
1035 4324 1310 4382 nsetropolis
1327 4324 1449 4370 The-

249 4388 341 4442 bo,
379 4387 576 4442 Locros,
614 4385 868 4445 Opuntius,
928 4385 1274 4445 Thessalosque
1297 4385 1325 4433 a
1345 4400 1449 4444 sep-

249 4448 488 4496 tentrione
509 4449 674 4503 habet,
703 4447 735 4494 a
769 4446 970 4494 meridie
992 4447 1219 4504 Atticarn,
1240 4450 1301 4495 ab
1323 4448 1446 4494 oeci-

247 4511 393 4556 dente
409 4510 690 4565 Phocidem,
711 4509 773 4555 ab
794 4507 978 4555 oriente
1001 4521 1133 4555 mare
1164 4509 1446 4565 Euboicum,

244 4569 278 4618 ὁ
297 4586 394 4631 quo
410 4574 474 4620 ad
492 4569 856 4619 corinthiacum
876 4570 1032 4617 sinum
1050 4573 1385 4633 capon-igitur.

307 4634 380 4680 lb.
433 4632 714 4696 Epi-aqua]
767 4632 944 4690 Epirus
994 4634 1235 4689 quondam
1275 4633 1446 4693 Pyrrhi

245 4705 466 4757 m,
498 4695 528 4744 ὸ
558 4694 956 4753 apt-aumba-
989 4695 1137 4743 habet
1185 4696 1443 4742 Dardanos

1523 1786 1574 1825 et
1594 1778 1850 1835 Triballos,
1872 1782 1935 1826 ab
1956 1780 2140 1826 oriente
2158 1779 2494 1827 Macedoniam
2511 1788 2561 1828 et
2575 1782 2723 1832 Thes-

1523 1840 1715 1895 saliam,
1736 1842 1894 1887 varias
1916 1851 2083 1901 gentes
2105 1841 2448 1898 complectitur.

1588 1905 1632 1949 9.
1682 1902 1775 1950 His
1808 1902 2099 1950 Antonianos
2138 1901 2342 1964 militen]
2392 1903 2449 1950 C.
2488 1905 2723 1955 Antonius

1526 1964 1686 2012 Marci
1710 1966 1880 2021 frater,
1902 1965 1957 2011 T.
1980 1964 2222 2011 Pulcionis
2254 1978 2403 2022 opera
2424 1966 2637 2023 proditus
2674 1968 2724 2017 i-

1527 2025 1745 2086 I’ompeii
1776 2036 2062 2084 potestatem
2094 2036 2308 2081 venerat,
2344 2025 2479 2087 cujus
2523 2028 2725 2075 militum

1523 2089 1760 2135 voluntati
1781 2088 1980 2144 diffisus,
2011 2103 2093 2135 eos
2125 2088 2222 2135 suis
2257 2089 2595 2147 irumiscuerat,
2626 2092 2724 2138 suis

1523 2165 1587 2197 ne
1624 2166 1798 2199 nocere
1837 2160 2048 2210 possent.
2112 2150 2283 2197 Florus
2314 2149 2393 2197 lib.
2427 2165 2494 2198 tv.
2515 2165 2622 2209 cap.
2650 2154 2721 2199 11.

1521 2227 1623 2259 rem
1647 2213 1715 2259 ita
1736 2220 1930 2263 narrat:
1973 2212 2065 2272 Qui
2182 2211 2287 2259 cam
2311 2212 2477 2274 fauces
2495 2213 2724 2263 Adriatici

1517 2275 1663 2322 manli
1672 2275 1797 2337 jussi
1816 2290 2039 2336 occupare
2110 2273 2313 2322 omelia
2326 2279 2368 2321 el
2383 2274 2628 2331 arctamus,
2641 2275 2724 2325 ina

1519 2336 1724 2395 Illyrico,
1746 2337 1819 2384 liic
1847 2340 2084 2396 Corcyraeo
2108 2337 2256 2383 liltore
2277 2341 2425 2384 castra
2449 2335 2722 2399 posuissent,

1508 2397 1617 2461 jam
1639 2398 1792 2446 maria
1812 2396 1903 2446 late
1925 2403 2102 2445 lenense
2124 2398 2363 2460 Pompeio,
2374 2404 2556 2462 repente
2570 2406 2723 2449 cestra

1516 2462 1697 2521 legatus
1718 2462 1817 2525 ejus
1842 2461 2057 2508 octatius
2076 2465 2117 2507 el
2152 2460 2264 2507 Libo
2295 2460 2560 2533 ingentibus
2580 2461 2722 2525 copiis

1515 2525 1803 2572 classicorum
1824 2529 2069 2587 utrumque
2086 2521 2413 2580 circumvent&
2441 2522 2721 2572 dedici'mtem

1505 2585 1613 2648 sam
1620 2601 1665 2632 es
1680 2587 1865 2634 extorri!
1877 2585 2095 2634 amanio.
2158 2585 2291 2632 Idem
2306 2587 2450 2632 habet
2466 2586 2720 2634 Suetonius

1517 2648 1568 2694 in
1593 2648 1782 2695 Coesare
1809 2664 1935 2695 xxvi.
2000 2648 2094 2694 Hic
2117 2647 2351 2695 Antonius
2375 2646 2402 2694 ὲ
2424 2647 2573 2694 Bruto
2610 2661 2721 2707 post

1520 2718 1723 2756 mortem
1742 2710 1947 2757 Ctesaris
1970 2725 2121 2756 caesus
2157 2717 2243 2766 est,
2282 2710 2531 2769 fueratque
2552 2712 2721 2760 huma-

1517 2771 1644 2818 niter
1659 2774 1721 2818 ab
1736 2787 1795 2819 eo
1816 2781 2065 2830 exceptus,
2081 2773 2166 2818 sed
2188 2769 2296 2818 cum
2317 2774 2381 2819 ad
2402 2772 2718 2820 desectionem

1517 2834 1773 2881 sollicitare
1789 2851 1899 2882 suos
1923 2834 2094 2881 milites
2115 2836 2444 2893 comperisset,
2456 2832 2620 2895 jussus
2642 2844 2717 2882 est

1520 2894 1740 2942 interfici.

1588 2959 1658 3004 ΙΙ.
1692 2956 2057 3018 lacedemone]
2094 2957 2409 3005 Lacedaemon
2448 2958 2591 3004 totius
2626 2959 2715 3006 1³0.

1519 3018 1772 3077 loponnesi
1815 3019 2096 3075 clarissima,
2127 3019 2325 3065 Athenis
2355 3020 2566 3077 aequalis,
2603 3035 2721 3079 qua-

1518 3094 1629 3125 cum
1645 3082 1707 3127 de
1728 3080 1999 3139 principatu
2017 3080 2097 3126 diu
2117 3081 2382 3136 contendit,
2404 3082 2467 3126 ad
2481 3081 2713 3130 Eurotam

1517 3140 1715 3188 fluvium
1733 3156 1748 3199 3
1780 3157 1884 3201 que
1919 3142 2102 3190 tamdiu
2138 3142 2318 3198 floruit,
2353 3143 2581 3200 quamdiu
2603 3143 2718 3205 legi-

1519 3204 1608 3251 bus
1646 3204 1855 3264 Lycurgi
1888 3217 1977 3252 usa
2013 3203 2116 3250 suit.
2180 3203 2313 3250 Duos
2335 3218 2472 3265 reges
2493 3204 2718 3264 babebat,

1518 3281 1719 3324 quorum
1739 3276 1898 3314 tamen
1914 3274 2127 3325 potestas
2143 3266 2398 3313 autoritate
2414 3266 2718 3324 Ephororun

1519 3328 1824 3375 sraenabatnr.
1889 3330 1943 3374 ln
1968 3335 2251 3386 potestatem
2265 3330 2461 3374 tandem
2478 3327 2717 3376 Romano-

1520 3405 1626 3437 rum
1669 3406 1778 3437 cum
1821 3390 2014 3448 reliquis
2047 3389 2224 3436 Graeci·
2274 3390 2465 3437 urbibus
2506 3392 2715 3446 devenit,

1519 3454 1717 3500 nuncin
1741 3454 1895 3499 tenuis
1932 3451 2022 3499 vici
2059 3452 2263 3498 sormam
2300 3454 2514 3510 redacta,
2544 3454 2718 3501 dicitur

1516 3514 1749 3562 uideam.

1585 3578 1655 3624 13.
1696 3577 1856 3624 Gallos
1878 3575 2141 3633 Deiota-tm
2238 3578 2271 3638 .]
2309 3577 2372 3625 Hi
2395 3587 2504 3624 sunt
2527 3577 2711 3627 Galatae

1517 3638 1591 3685 vel
1611 3639 1942 3686 Gallo-Graeci.
2007 3638 2131 3685 Galli
2148 3652 2210 3685 en
2229 3654 2275 3684 m
2300 3638 2347 3684 in
2365 3639 2530 3686 Asiam
2547 3653 2715 3697 perva-

1513 3710 1695 3756 serant,
1732 3713 2025 3760 regnumque
2060 3701 2124 3746 ibi
2155 3701 2471 3747 condiderant
2492 3701 2710 3750 Galatiae.

1514 3764 1625 3822 quia
1650 3763 1777 3810 Galli
1802 3762 1829 3810 a
1846 3763 2026 3809 Graecis
2039 3763 2224 3809 Galatia
2246 3762 2376 3819 dicti,
2393 3777 2594 3820 quorum
2611 3773 2715 3809 erat

1511 3824 1572 3871 ed
1594 3834 1879 3883 tempestate
1902 3839 1988 3871 rex
2010 3824 2280 3871 Deiotarus.

1582 3888 1652 3934 14.
1700 3886 2072 3946 Ariamenen]
2125 3885 2444 3944 cappadocie
2475 3898 2579 3942 rex,
2610 3894 2716 3934 erat

1517 3949 1785 4008 appellatus
1810 3949 1991 3996 amicus
2023 3962 2135 4007 pop.
2168 3947 2307 3994 Rom.
2345 3947 2404 3992 de
2435 3961 2530 4004 quo
2561 3949 2714 3993 multa

1517 4013 1787 4058 scribuntur
1808 4012 1834 4059 a
1853 4011 2089 4057 Cicerone
2112 4011 2160 4056 in
2177 4009 2315 4068 epist.
2338 4010 2400 4054 ad
2422 4009 2594 4055 Famil.
2619 4017 2670 4055 ut
2686 4007 2715 4057 ὸ.

1516 4082 1687 4120 senatu
1703 4075 1947 4120 decretum
1966 4072 2125 4127 fuerit,
2146 4079 2199 4119 ut
2218 4070 2322 4133 ejus
2341 4071 2465 4130 regis
2483 4071 2626 4124 salus,
2645 4071 2713 4116 in-

1516 4136 1784 4192 columitas,
1826 4148 2120 4194 regnumque
2162 4133 2534 4179 defenderentur
2550 4145 2566 4188 ;
2598 4133 2713 4179 item

1512 4198 1617 4259 ejus
1640 4198 1839 4244 salutem
1857 4195 2035 4255 populo
2051 4195 2332 4253 senatuique
2345 4193 2565 4240 Romano
2580 4208 2710 4255 mag-

1513 4275 1587 4305 nas
1629 4269 1752 4306 curae
1793 4273 1914 4305 esse.
1976 4259 2083 4311 Qua
2123 4272 2183 4303 ex
2228 4257 2481 4302 autoritate
2518 4264 2710 4304 senatus

1512 4334 1623 4367 eum
1644 4324 1706 4368 ab
1729 4320 1911 4368 insidiis
1933 4318 2231 4392 popularium
2253 4316 2493 4375 eripuerit.

1577 4383 1631 4430 ib
1685 4380 2017 4444 Cappadocia]
2047 4378 2359 4439 Cappadocia
2375 4380 2520 4427 habet
2539 4383 2601 4428 ab
2618 4383 2709 4428 ori-

1512 4454 1621 4491 ente
1646 4445 1939 4499 Armeniam,
1972 4440 2003 4489 a
2033 4441 2357 4501 septentrione
2390 4437 2614 4500 Pontum,
2646 4447 2709 4492 ab

1507 4521 1685 4554 occasu
1722 4504 2124 4565 Paphlagoniam,
2155 4502 2398 4549 Galatiam
2431 4514 2481 4552 et
2520 4515 2707 4566 partem

1511 4568 1825 4629 Pamphyliae,
1847 4566 1875 4614 a
1891 4564 2090 4612 meridie
2110 4563 2348 4618 Ciliciam.

1580 4633 1651 4679 15.
1689 4630 1864 4690 Colum]
1898 4627 2023 4675 Erat
2053 4625 2273 4675 Thracio
2303 4643 2404 4686 rex,
2437 4632 2707 4689 studuitque

1505 4693 1726 4753 Pompeii
1752 4692 1983 4753 partibus.
2047 4690 2114 4740 En
2148 4698 2323 4738 natura
2356 4692 2500 4750 paulo
2521 4693 2707 4739 iracun·
