3059 5050
1150 406 1160 415 .
1215 337 1497 406 LIBER
1536 339 1687 407 VII.
2568 346 2689 412 133

225 504 287 557 s'e
307 490 501 577 prope
535 489 670 573 jam
700 486 978 552 effectum
1018 487 1262 553 habere.
1343 487 1586 553 interea
1612 508 1857 572 oequum
1881 508 2010 552 esse
2051 488 2133 552 ab
2160 489 2235 552 iis
2261 491 2601 555 communis

224 577 429 640 salutis
458 575 675 639 caussfi
703 577 1032 658 impetrari,
1059 588 1124 637 ut
1146 587 1348 637 castra
1375 577 1610 637 munire
1631 575 2024 652 instituerent,
2049 573 2173 657 quo
2202 574 2438 638 facilius
2460 576 2602 639 bos-

223 663 370 725 tium
393 682 461 723 re
537 662 740 723 ntinos
762 661 1020 742 impetus
1040 662 1328 723 sustinere
1355 659 1663 744 possent.”

506 791 521 807 .
567 743 716 808 Fuit
738 746 872 807 haec
910 747 1106 807 oratio
1135 765 1258 807 non
1287 743 1772 826 ingrataGallis,
1803 744 2093 821 maxime,
2118 743 2285 826 quod
2315 744 2444 829 ipse
2473 745 2603 809 ani-

221 854 329 895 mo
358 852 481 894 non
510 830 831 907 defecerat,
856 842 1024 892 tanto
1048 842 1299 914 accepto
1323 829 1735 907 incommod0,
1762 851 1957 913 neque
1981 851 2044 891 se
2070 830 2135 892 in
2159 829 2463 893 occultum
2493 832 2602 893 ab·
2643 833 2685 894 5

225 918 482 993 diderat,
501 936 696 998 neque
725 928 1112 998 conspectum
1145 915 1543 977 multitudinis
1572 914 1850 996 fugerat:
1896 914 2150 1000 plusque
2172 916 2379 977 anitno
2396 916 2621 999 provi-'

223 1003 371 1064 dere
397 1016 457 1063 et
475 1001 826 1084 praesentire
848 1000 1324 1077 existimabatur,
1371 999 1540 1082 quod
1571 1021 1636 1062 re
1664 999 1903 1082 integra
1931 999 2130 1084 primo
2160 999 2605 1063 incendendum

223 1086 579 1162 Avaricum,
610 1084 748 1170 post
769 1085 1181 1162 deserendum,
1213 1097 1549 1148 censuerat.
1607 1082 1823 1168 Itaque
1848 1099 1913 1148 ut
1935 1084 2303 1166 reliquorum
2334 1083 2427 1147 Im
2576 1118 2608 1133 -

145 1192 152 1199 ·
225 1189 428 1235 torum
450 1191 546 1233 res
567 1171 841 1233 adversae
865 1171 1284 1233 auctoritatem
1304 1170 1585 1233 minuunt
1593 1192 1613 1249 ;
1657 1170 1743 1233 sic
1767 1170 1945 1253 hujus
1968 1190 2046 1233 ex
2076 1169 2381 1233 contrario
2404 1106 2607 1253 «ΕΞ-13-

223 1272 339 1334 tas,
364 1255 752 1319 incommodo
780 1268 1055 1340 accepto,
1084 1254 1149 1317 in
1178 1256 1306 1319 dies
1336 1257 1715 1338 augebatur:
1769 1255 1948 1317 simul
1977 1255 2041 1318 in
2070 1276 2097 1318 s
2176 1275 2237 1316 m
2266 1254 2695 1333 veniebanulfl

223 1343 355 1425 ejus
386 1340 802 1418 affirmatione,
832 1341 910 1404 de
957 1340 1201 1423 reliquis
1231 1340 1637 1423 adjungendis
1661 1339 2025 1405 civitatibus.
2166 1339 2504 1423 rituumque
2532 1362 2608 1403 eo

224 1441 496 1510 tempore
526 1425 691 1489 Galli
720 1437 918 1488 castra
948 1426 1186 1489 munire
1208 1426 1613 1503 instituerunt,
1643 1439 1703 1488 et
1732 1426 1816 1488 sic
1844 1440 1984 1489 sunt
2013 1424 2219 1490 animo
2243 1424 2610 1489 consternati

223 1512 501 1575 homines
528 1511 746 1575 insueti
776 1510 1023 1589 laboris,
1053 1522 1121 1573 ut
1147 1512 1356 1575 omnia
1382 1530 1525 1594 quae
1556 1512 2014 1597 imperarentur,
2040 1510 2153 1574 sibi
2183 1511 2475 1596 patienda
2499 1532 2609 1575 ex-

225 1598 578 1661 istimarent.

312 1679 561 1746 XXXI.
606 1677 742 1744 Nec
763 1680 966 1744 minus
992 1681 1176 1764 quam
1205 1694 1295 1745 est
1315 1680 1643 1765 pollicitus,
1674 1679 2149 1764 Vercingetorix
2191 1682 2395 1744 animo
2436 1681 2693 1746 labo-15

224 1769 428 1845 rabat,
456 1776 526 1828 ut
551 1765 815 1848 reliquas
843 1766 1117 1828 civitates
1162 1766 1544 1913 adjungeret,
1596 1779 1781 1847 atque
1826 1788 2035 1829 earum
2088 1766 2392 1850 principes
2433 1766 2612 1830 donis

225 1849 892 1938 pollicitationibusque
921 1848 1245 1912 alliciebat.
1399 1850 1498 1911 uic
1551 1850 1636 1910 rei
1683 1850 1937 1912 idoneos
1984 1850 2257 1913 homines
2286 1850 2614 1933 deligebat,

278 1949 495 2000 uorum
517 1934 771 2017 quisque
799 1947 860 1997 et
888 1933 1164 1995 oratione
1193 1932 1469 2011 subdola,
1490 1946 1598 1995 aut
1620 1933 1890 1997 amicitia
1910 1932 2200 1997 facillime
2224 1935 2361 2018 capi
2391 1948 2595 2018 posset

230 1959 364 2121 {ui
404 2019 676 2082 Avarico
725 2030 1081 2104 expugnato
1121 2017 1491 2101 refugerant,
1541 2019 1869 2082 armandos
1919 2019 2380 2102 vestiendosque
2426 2032 2615 2083 curat.

81 2144 92 2155 -
231 2104 434 2205 Simul
461 2117 529 2167 ut
558 2103 874 2167 diminutoe
901 2103 1102 2186 copiae
1131 2103 1704 2185 redintegrarentur,
1753 2104 2013 2189 imperat
2040 2116 2269 2167 certum
2299 2109 2701 2169 numerum20

223 2189 492 2255 mhtm
519 2187 880 2265 civitatibus,
919 2207 1120 2270 quem,
1166 2200 1228 2251 et
1273 2208 1456 2271 quam
1505 2200 1647 2251 ante
1672 2188 1834 2251 diem
1863 2190 1926 2251 in
1955 2201 2157 2253 castra
2185 2189 2407 2253 adduci
2448 2190 2619 2254 velit:

347 2274 696 2357 'ttariosque
716 2291 948 2351 omnes,
972 2292 1228 2356 quorum
1258 2286 1389 2336 erat
1415 2293 1787 2358 permagnus
1819 2294 2105 2337 numerus
2128 2274 2193 2337 in
2218 2272 2445 2353 Gallis,
2468 2296 2620 2339 con-

227 2360 409 2445 quiri,
433 2373 494 2424 et
520 2358 600 2422 ad
630 2357 868 2421 semitti
897 2359 913 2374 ⁰
959 2359 1081 2420 bet.
1168 2355 1287 2420 His
1315 2359 1494 2421 rebus
1522 2357 1795 2423 celeriter
1823 2360 1907 2437 id,
1953 2359 2118 2460 quod
2154 2359 2405 2424 Avarici
2434 2361 2619 2446 depe.-

224 2446 435 2525 rierat,
478 2443 773 2530 expletur.
870 2378 1120 2506 Ildlterim
1163 2440 1612 2506 Tbentomatus
1640 2442 2021 2508 Olloviconis
2061 2443 2221 2507 filius
2266 2466 2377 2509 rex
2416 2443 2620 2510 Nitio-

229 2533 500 2616 brigum,
547 2531 719 2614 eujus
761 2543 935 2614 pater
961 2530 1056 2592 ab·
1074 2527 1306 2591 Senatu
1353 2541 1564 2593 nostro
1611 2529 1842 2594 amicus
1894 2544 2025 2594 erat
2070 2530 2429 2616 appellatus,
2476 2537 2701 2600 cum25

227 2637 464 2702 magno
486 2618 753 2701 equitum
777 2633 1021 2679 suormn
1050 2633 1324 2694 numero,
1352 2628 1414 2679 et
1441 2635 1596 2697 quos
1626 2635 1707 2679 ex
1746 2615 2082 2699 Aquitania
2112 2617 2513 2696 conduxerat,
2538 2619 2619 2684 ad

225 2724 380 2769 eum
484 2701 697 2765 rvenit.
991 2713 998 2728 ¹

322 2723 600 2852 ffifl.
664 2784 883 2850 Cesar
921 2784 1173 2850 Avarici
1200 2785 1546 2871 complures
1568 2786 1697 2851 dies
1724 2802 2158 2868 commoratus,
2203 2810 2620 2875 summamque

225 2874 328 2944 ibi
348 2874 588 2958 copiam
616 2871 899 2935 frumenti
927 2884 989 2936 et
1015 2871 1228 2953 reliqui
1251 2873 1627 2936 commeatus
1656 2887 1890 2951 nactus,
1938 2876 2272 2938 exercitum
2300 2895 2379 2938 ex
2407 2875 2623 2941 labore

232 2973 422 3043 atque
439 2957 644 3043 inopia
671 2956 895 3021 refecit.
978 2955 1122 3019 Jam
1150 2957 1346 3041 prope
1376 2957 1575 3020 hieme
1602 2957 1900 3035 confecti,
1930 2978 2115 3041 quum
2145 2960 2278 3042 ipso
2303 2961 2449 3022 anni
2471 2961 2708 3028 tem-30

233 3064 394 3146 pore
421 3044 503 3108 ad
529 3042 857 3127 gerendum
886 3040 1110 3105 bellum
1141 3053 1482 3119 vocaretur,
1526 3053 1589 3104 et
1628 3041 1710 3104 ad
1739 3041 1971 3104 bostem
2001 3042 2306 3127 proficisci
2336 3045 2624 3108 constitu-

235 3141 402 3208 tsset,
433 3129 556 3192 sive
583 3149 719 3191 eum
747 3148 824 3191 ex
854 3126 1178 3213 paludibus
1207 3124 1491 3209 silvisque
1537 3124 1775 3204 elicere,
1814 3125 1941 3189 sive
1985 3125 2307 3189 obsidione
2349 3148 2654 3211 premere:

235 3228 474 3301 possetz
502 3213 684 3297 legati
704 3212 785 3277 ad
801 3233 939 3276 eum
958 3209 1263 3312 principes
1281 3209 1628 3275 AEduornm
1646 3210 1915 3289 veniunt,
1935 3222 2198 3289 oratum,
2219 3217 2257 3250 “
2270 3224 2336 3275 ut
2352 3214 2621 3278 maxime

199 3333 208 3348 =
239 3298 584 3365 necessario
624 3312 893 3383 tempore
935 3296 1164 3360 civitati
1208 3295 1558 3360 subveniat:
1601 3316 1840 3359 summo
1879 3316 2009 3360 esse
2044 3296 2112 3359 in
2157 3296 2430 3381 periculo
2458 3319 2627 3381 rem3

240 3385 433 3472 qued,
463 3405 647 3469 quum
688 3382 908 3467 singuli
931 3382 1317 3465 magistratus
1347 3382 1677 3466 antiquitus
1706 3381 1920 3462 creari,
1951 3395 2133 3467 atque
2162 3382 2392 3467 regiam
2423 3387 2711 3470 potes-36

241 3482 430 3535 tatem
458 3490 683 3534 annum
707 3470 976 3570 obtinere
1005 3467 1416 3569 consuessent,
1445 3468 1571 3531 duo
1600 3468 2021 3551 magistratum
2040 3482 2276 3551 gerant,
2305 3483 2366 3533 et
2384 3491 2446 3533 se
2464 3483 2624 3535 uter-

238 3575 598 3718 ama?
607 3554 917 3704 gamm
887 3551 1860 3720 ωξῗῗὶιᾞίἰέἓηῖῗζιεωωὼωηῖζ
1892 3553 2627 3718 ffiffiffmssffi's:

241 3725 534 3811 quissimii
560 3723 792 3790 familia
835 3739 1063 3802 numm,
1106 3737 1288 3809 atque
1331 3725 1530 3810 ipsum
1579 3724 1888 3788 hominem
1930 3745 2184 3789 summae
2211 3726 2522 3810 potentiae,
2566 3739 2627 3790 et

241 3831 494 3895 magnae
519 3809 924 3895 cognationis,
971 3810 1141 3894 cujus
1187 3810 1372 3874 frater
1415 3808 1782 3874 Vedeliacus
1821 3811 2109 3895 proximo
2156 3831 2319 3874 anno
2364 3810 2711 3875 eundem&

241 3898 667 3981 magistratum
691 3896 970 3980 gesserit:
1014 3896 1317 3970 civitatem
1347 3916 1589 3960 omnem
1620 3915 1750 3959 esse
1778 3895 1843 3959 in
1874 3896 2098 3975 armis;
2142 3894 2401 3958 divisum
2431 3894 2626 3962 Sena-

241 3995 393 4061 tum,
418 3982 678 4046 divisum
707 3980 999 4068 populum
1029 3982 1092 4045 in
1110 4002 1248 4046 suas
1271 3983 1564 4066 cujusque
1585 4002 1794 4045 eorum
1826 3980 2155 4045 clientelas.
2205 3979 2392 4063 Quod
2417 3981 2467 4043 si
2491 3980 2627 4045 diu-

242 4069 364 4133 tius
392 4067 590 4133 alanu-
612 4067 1045 4147 controversia,
1073 4067 1203 4131 fore
1229 4065 1317 4131 uti
1360 4088 1503 4153 pars
1525 4087 1666 4130 cum
1696 4066 1955 4130 civitatis
1983 4081 2157 4152 parte
2197 4065 2517 4150 confligatt
2561 4065 2626 4129 id

241 4176 321 4221 ne
343 4154 604 4233 accidat,
626 4154 890 4240 positum
917 4151 982 4216 in
1009 4154 1139 4237 ejus
1161 4152 1478 4237 diligentia
1504 4165 1685 4236 atque
1708 4151 2131 4216 auctoritate.”

329 4238 647 4304 XXXIII.
691 4237 932 4317 Cesar,
959 4239 1072 4302 etsi
1100 4239 1139 4301 a
1166 4238 1332 4303 bello
1357 4253 1541 4322 atque
1568 4238 1741 4302 hoste
1767 4238 2115 4317 discedere?
2129 4236 2707 4304 detrimentosum45

240 4345 373 4389 esse
401 4324 788 4388 existimabat
795 4345 816 4405 3
844 4337 1048 4388 tamen
1070 4345 1195 4388 non
1218 4324 1531 4409 ignorans,
1550 4336 1780 4407 quanta
1802 4344 1880 4387 ex
1905 4322 2372 4387 dissentionibus
2390 4321 2625 4386 incom-

238 4412 432 4476 moda
458 4411 606 4474 oriri
634 4409 1056 4489 consuessent3
1098 4431 1176 4473 ne
1218 4423 1388 4474 tanta
1413 4423 1474 4474 et
1500 4423 1626 4473 tam
1674 4411 2005 4492 conjuncta
2046 4405 2278 4492 populo
2321 4405 2509 4471 Rom.
2539 4408 2628 4472 ci—

238 4496 418 4577 vitas,
461 4516 644 4581 quam
673 4495 802 4579 ipse
828 4513 1063 4578 semper
1090 4494 1351 4573 aluisset,
1399 4495 1801 4578 omnibusque
1828 4495 2007 4556 rebus
2053 4491 2342 4571 ornasset,
2372 4494 2454 4556 ad
2489 4494 2617 4558 vim

239 4595 423 4667 atque
453 4583 534 4646 ad
564 4602 736 4652 arma
765 4577 1178 4644 descenderet:
1224 4594 1403 4665 atque
1430 4603 1506 4646 ea
1535 4600 1697 4667 pars,
1728 4599 1868 4663 quae
1899 4576 2096 4641 minus
2121 4577 2235 4641 sibi
2265 4577 2619 4657 confideret,

305 4705 381 4752 11.
419 4701 726 4766 &intumque
770 4716 826 4751 ιο
861 4706 1060 4766 een-pore
1101 4701 1267 4765 aaut]
1332 4703 1445 4751 hm
1506 4701 1695 4752 omnis
1724 4699 1990 4759 obsidione,
2020 4700 2355 4761 obduxerant5
2386 4701 2473 4749 sed
2508 4711 2626 4758 noo,

245 4763 2129 4857 nstqddmssmiimllnffinthGS-hlc,pusimetdenore.
2250 4798 2259 4807 .
2586 4798 2590 4801 Α
