3059 5050
702 322 829 388 DE
869 323 1172 388 BELLO
1214 322 1672 389 ArchNo
1714 324 2011 390 LIBER.

2489 334 2620 395 858

195 470 427 534 .erritus
447 469 760 550 discessit3
802 485 863 535 et
888 472 1050 534 dicto
1097 473 1346 535 audiens
1394 473 1508 534 suit
1560 474 1706 553 regi.
1792 471 1922 534 Usu
1975 473 2205 536 venisse
2247 474 2361 537 boc
2412 475 2535 538 civi

197 551 478 620 Romano
537 556 741 632 miror,
789 571 847 618 et
895 556 974 632 ei,
1025 558 1126 638 qui
1181 556 1219 618 a

1268 557 1494 641 populo
1546 559 1828 621 Romano
1880 557 2136 618 honores
2189 562 2532 642 accepisset,

215 638 477 702 ncolumi
502 640 717 741 patria,
743 641 1106 723 fortunisque
1136 642 1429 716 omnibuS,
1453 639 1492 701 J
1498 644 1633 702 ubae
1652 642 1912 703 barbaro
1933 642 2132 723 potius
2157 645 2531 706 obedientem

193 721 391 801 fuisse,
421 746 602 806 quam
634 738 738 786 aut
777 724 881 786 Sci
927 726 1081 786 ionis
1131 726 1570 807 obtemperasse
1619 725 1848 800 nuntio,
1897 741 1999 787 aut
2044 727 2218 787 caesis
2269 729 2530 808 ejusdem

190 810 380 953 partis
432 808 683 885 civibus,
741 809 879 871 inco
944 829 1096 871 mem
1154 812 1363 870 reverti
1426 808 1621 871 malle.

233 913 272 954 u

1731 809 1929 891 Atque
1985 810 2162 873 etiam
2224 814 2534 894 superbius
2576 817 2622 875 5

274 894 374 953 bae
421 893 662 969 factum,
710 914 829 955 non
880 914 938 953 in
990 891 1077 952 M.
1132 892 1458 973 Aquinium
1506 893 1811 955 hominem
1868 915 2110 970 novum,
2162 915 2535 978 parvumque

192 991 551 1053 senatorem,
603 979 705 1040 sed
751 978 811 1038 in
859 975 1201 1058 Scipionem
1256 978 1557 1039 bominem
1612 977 1718 1039 ills
1765 978 2011 1055 familia,
2063 979 2375 1059 dignitate,
2426 981 2548 1041 lio-1

193 1063 564 1142 noribusque
608 1074 1004 1144 praestantem.
1090 1058 1253 1122 Nam
1303 1082 1486 1143 quum
1531 1061 1742 1144 Scipio
1790 1062 2001 1143 sagulo
2053 1084 2353 1147 purpureo
2397 1080 2536 1127 ante

192 1146 354 1225 regis
383 1146 695 1207 adventum
727 1146 808 1206 uti
837 1144 1043 1206 solitus
1071 1159 1245 1220 esset,
1273 1146 1491 1208 dicitur
1517 1144 1557 1207 J
1564 1147 1683 1207 uba
1703 1167 1841 1208 cum
1865 1167 1939 1207 eo
1966 1149 2178 1229 egisse,
2204 1169 2323 1210 non
2355 1170 2535 1231 opor-

190 1242 314 1291 tere
344 1229 507 1293 illum
535 1229 742 1292 eodem
774 1231 859 1291 uti
890 1229 1124 1301 vestitu,
1158 1244 1350 1310 atque
1381 1232 1508 1312 ipse
1533 1244 1810 1292 uteretur.
1896 1230 2108 1312 Itaque
2151 1231 2371 1294 factum
2426 1239 2619 1310 csglss

187 1327 255 1374 ut
285 1312 491 1396 Scipio
515 1313 592 1375 ad
622 1313 826 1375 album
857 1334 984 1375 sese
1014 1314 1287 1375 vestitum
1342 1313 1699 1391 transferret,
1744 1328 1805 1376 et
1851 1313 2033 1379 Jubae
2077 1316 2303 1379 homini
2333 1338 2538 1401 super-

185 1398 428 1459 bissimo
457 1398 937 1479 inertissimoque
966 1399 1421 1480 obtemperaret.

2165 1414 2176 1429 l

198 1532 205 1535 .
264 1480 505 1544 LVIII.
536 1481 792 1544 Postero
816 1482 913 1543 die
939 1483 1244 1543 universas
1273 1483 1540 1545 omnium
1570 1483 1777 1565 copias
1800 1483 1875 1546 de
1898 1484 2108 1546 castris
2130 1486 2408 1547 omnibus
2432 1487 2538 1549 de·

177 1565 439 1645 ducunt3
491 1580 520 1611 ⁸
549 1580 610 1627 et
626 1566 1004 1649 supercilium
1032 1567 1334 1648 quoddam
1357 1567 1660 1629 excelsum
1683 1570 1840 1631 nacti
1863 1590 1986 1633 non
2009 1569 2192 1650 longe
2214 1570 2251 1631 a
2271 1568 2536 1633 Caesaris

178 1652 393 1713 castris
418 1652 609 1713 aciem
633 1652 1021 1727 constituunt,
1052 1665 1230 1732 atque
1261 1652 1340 1714 ibi
1372 1652 1721 1714 consistunt.
1809 1652 2024 1714 Caesar
2067 1654 2208 1715 item
2260 1656 2616 1737 producitl5

178 1736 414 1818 copias,
440 1735 827 1818 celeriterque
856 1736 931 1797 iis
956 1736 1275 1811 instructis,
1304 1751 1444 1798 ante
1469 1758 1608 1798 suas
1657 1737 2034 1813 munitiones,
2064 1734 2203 1818 quas
2255 1753 2424 1801 erant
2477 1741 2538 1801 in

181 1840 427 1902 campo,
457 1820 764 1898 constitit;
808 1820 935 1881 sine
978 1820 1165 1881 dubio
1192 1820 1562 1896 existimaus,
1594 1820 1749 1882 ultro
1780 1822 2174 1899 adversarios,
2203 1843 2385 1903 quum
2419 1838 2538 1886 tam

183 1904 427 1986 magnis
456 1904 647 1988 copiis
678 1904 1035 1985 auxiliisque
1063 1905 1222 1985 regis
1249 1920 1444 1967 essent
1473 1905 1733 1988 praediti,
1754 1907 2203 1988 promptiusque
2234 1908 2541 1989 prosiluis-

183 2003 334 2063 sent,
366 2002 504 2051 ante
533 2010 596 2051 se
624 2010 1040 2065 concursuroS‚
1096 1990 1462 2073 propiusque
1514 2010 1578 2051 se
1631 2011 1993 2051 accessuroS.
2078 1989 2262 2072 Equo
2285 1994 2541 2053 circum-

182 2086 411 2151 vectus,
440 2073 826 2155 legionesque
854 2074 1217 2149 cohortatuS,
1249 2076 1425 2154 signo
1455 2076 1621 2149 date,
1647 2096 1950 2136 accessum
1983 2074 2240 2136 hostium
2273 2080 2624 2160 aucupa-20

132 2206 133 2209 η
182 2158 381 2221 batur.
465 2156 604 2242 Ipse
632 2158 791 2221 enim
823 2158 860 2219 a
888 2159 1008 2219 suis
1037 2158 1467 2221 munitionibus
1498 2158 1740 2239 lougius
1787 2180 1906 2220 non
1960 2160 2086 2221 sine
2133 2162 2367 2222 ratione
2417 2183 2537 2223 non

182 2243 585 2325 procedebat3
611 2242 774 2324 quod
798 2242 858 2304 in
883 2242 1113 2326 oppido
1135 2240 1358 2318 Uzaae,
1384 2244 1546 2324 quod
1573 2242 1783 2326 Scipio
1804 2245 2061 2320 tenebat,
2089 2244 2345 2307 hostium
2367 2263 2538 2310 erant

178 2327 458 2390 cobortes
488 2341 760 2390 armatae.
845 2325 1066 2389 Eidem
1098 2340 1293 2391 autem
1320 2329 1548 2412 oppido
1577 2329 1659 2391 ad
1686 2329 1964 2401 dextrum
2012 2328 2168 2390 latus
2197 2330 2323 2411 ejus
2350 2352 2536 2393 cornu

175 2427 309 2473 erat
338 2413 720 2496 oppositum„
789 2410 1267 2492 verebaturque,
1296 2434 1391 2489 ne,
1441 2413 1489 2474 si
1519 2427 1976 2495 praetergressus
2004 2426 2173 2489 esset,
2203 2435 2277 2476 ex
2310 2416 2539 2498 oppido

178 2497 494 2581 eruptione
523 2496 699 2574 facta,
731 2498 809 2560 ab
831 2497 1013 2560 latere
1031 2518 1166 2559 eum
1194 2497 1389 2560 adorti
1414 2498 1819 2560 conciderent.
1905 2497 2211 2560 Praeterea
2235 2499 2368 2562 haec
2389 2504 2619 2583 quo-25

179 2602 301 2663 que
329 2604 463 2644 eum
495 2604 704 2646 caussa
732 2582 1012 2658 tardavit,
1044 2581 1208 2663 quod
1237 2597 1367 2644 erat
1416 2583 1587 2645 locus
1633 2583 1876 2664 quidam
1927 2584 2352 2665 perimpeditus
2401 2601 2538 2648 ante

178 2667 374 2728 aciem
407 2666 729 2750 Scipionis,
760 2687 932 2749 quem
965 2665 1085 2728 suis
1126 2667 1557 2749 impedimento
1583 2669 1663 2732 ad
1714 2665 1870 2730 ultro
1924 2668 2358 2732 occurrendum
2409 2670 2538 2734 sore

176 2751 582 2814 existimabat.

266 2834 441 2898 LIX.
486 2835 550 2898 N
552 2859 631 2899 on
656 2837 914 2900 arbitror
942 2858 1070 2899 esse
1094 2837 1688 2936 praetermittendum,
1710 2838 2217 2919 quemadmodum
2241 2840 2538 2903 exercitus

174 2921 490 3003 utriusque
519 2921 758 2984 suerunt
787 2923 847 2983 in
879 2922 1069 2983 aciem
1102 2922 1389 2984 instructi.

1479 2921 1691 3005 Scipio
1720 2923 1834 2984 hoc
1865 2923 2047 2984 modo
2077 2923 2266 2984 aciem
2297 2924 2622 2988 direxit.30

176 3004 549 3068 Collocabat
578 3007 638 3068 in
671 3005 863 3068 fronte
892 3026 1031 3066 suas
1058 3021 1119 3067 et
1142 3004 1325 3067 Jubae
1372 3006 1686 3088 legiones3
1728 3020 1936 3089 postea
1988 3020 2184 3068 autem
2234 3007 2537 3071 Numidas

175 3090 243 3153 in
272 3090 635 3151 subsidiaria
657 3090 789 3151 acie
813 3090 896 3151 ita
916 3103 1287 3166 extenuatos,
1313 3106 1373 3151 et
1395 3091 1456 3152 in
1474 3089 1909 3172 longitudinem
1933 3091 2211 3167 directos,
2237 3105 2303 3153 ut
2326 3092 2539 3174 procul

176 3173 455 3257 simplex
473 3195 599 3236 esse
627 3174 785 3236 acies
811 3173 1006 3238 media
1036 3174 1072 3234 a
1102 3173 1448 3255 legionariis
1479 3175 1761 3236 militibus
1785 3176 2084 3237 videretur
2107 3197 2126 3253 ;
2170 3176 2229 3236 in
2256 3177 2538 3239 cornibus

174 3273 386 3321 autem
416 3258 641 3342 duplex
666 3279 793 3320 esse
815 3258 1286 3321 existimabatur.
1342 3258 1718 3341 Elephantos
1738 3260 1952 3322 dextro
1976 3260 2331 3342 sinistroque
2347 3282 2539 3323 cornu

174 3343 610 3419 collocaverat,
643 3343 975 3425 aequalibus
1004 3344 1158 3406 inter
1207 3365 1309 3404 eos
1360 3343 1687 3406 intervallis
1736 3345 2074 3425 interjectis,
2161 3343 2314 3406 Post
2340 3348 2624 3420 autemsstj

173 3428 551 3512 elephantos,
628 3442 962 3492 armaturas
1030 3427 1206 3505 leves,
1281 3425 1699 3511 Numidasque
1756 3430 2138 3494 substituerat
2193 3430 2535 3494 auxiliares.

174 3511 537 3594 Equitatum
568 3513 885 3575 sraenatum
914 3512 1251 3576 universum
1283 3513 1344 3574 in
1374 3535 1483 3574 suo
1512 3514 1727 3577 dextro
1746 3535 1935 3576 cornu
1959 3514 2351 3596 disposuerat.
2440 3515 2539 3578 Si-

176 3599 432 3659 nistrum
463 3599 621 3660 enim
652 3618 844 3659 cornu
897 3597 1125 3680 oppido
1178 3595 1353 3658 Uzita
1398 3597 1831 3676 claudebatur,.
1858 3619 2052 3679 neque
2101 3612 2232 3660 erat
2280 3600 2537 3682 spatium

175 3682 480 3763 equitatus
508 3681 892 3766 explicandi:
937 3695 1253 3765 propterea
1284 3680 1582 3745 Numidas
1606 3683 1871 3764 levisque
1895 3695 2217 3745 armaturae
2241 3685 2536 3746 infinitam

175 3765 618 3830 multitudinem
649 3767 728 3829 ad
756 3766 1031 3829 dextram

1061 3781 1290 3849 partem
1332 3788 1458 3829 suae
1489 3767 1639 3829 aciei
1669 3780 2051 3851 opposuerat,
2083 3766 2206 3832 fere
2230 3769 2624 3850 interjectocio

173 3872 305 3913 non
340 3851 531 3913 minus
560 3851 724 3914 mille
753 3873 1034 3935 passuum
1065 3851 1279 3934 spatio,
1310 3865 1369 3913 et
1397 3852 1475 3914 ad
1505 3849 1678 3912 collis
1707 3851 1939 3913 radices
1969 3853 2164 3932 magis
2206 3852 2539 3936 appulerat,

171 3936 545 4020 longiusque
570 3937 649 3998 ab
679 3936 1178 4013 adversariorum,
1210 3936 1447 4018 suisque
1470 3935 1663 4020 copiis
1694 3948 2118 4020 promoverat:
2162 3935 2226 4000 id
2254 3938 2370 4000 hoc
2394 3959 2542 4000 con-

932 4138 962 4171 a
993 4123 1182 4173 [mento
1202 4122 1363 4172 verlice
1385 4122 1581 4186 quodam
1603 4123 1698 4172 alte
1719 4123 1864 4172 collis.

245 4272 290 4318 1.
315 4269 409 4316 Usu
422 4267 591 4316 veniae
613 4267 695 4315 hee
714 4266 803 4314 civi
828 4266 1035 4315 Reum
1056 4267 1235 4328 men]
1292 4267 1371 4314 Nil

176 4335 352 4381 mirum
374 4332 417 4376 ei
439 4332 521 4389 qui
542 4329 837 4377 conditiones
858 4329 1097 4376 societatis
1136 4329 1371 4388 Scipionis

172 4405 228 4445 et
247 4395 385 4440 Jubae
404 4392 700 4454 cogitaverit.
763 4389 882 4438 Cum
899 4391 1027 4438 enim
1044 4405 1128 4437 rex
1149 4401 1372 4438 evocatus

173 4458 207 4506 ὸ
232 4455 457 4514 Scipione
478 4470 572 4501 non
610 4454 798 4508 venirh,
835 4461 986 4499 totam
1023 4453 1233 4499 Africam
1270 4468 1373 4511 quae

174 4519 385 4581 parebat
404 4516 627 4563 Romanis
644 4531 696 4562 se
712 4515 756 4561 ei
770 4517 989 4562 daturum
1013 4513 1240 4572 promisit.
1269 4513 1371 4568 Qua

247 4578 525 4627 llicitatione
561 4580 790 4626 adductus
828 4577 947 4623 alios
986 4575 1103 4623 Sitio
1135 4577 1372 4642 opposuit,

304 4643 369 4688 ad
390 4641 632 4688 Ces-rem
654 4641 891 4698 profectus
912 4647 999 4685 est.
1064 4640 1171 4686 Hoc
1193 4639 1373 4685 sciebat

183 4705 433 4764 Aquinius,
463 4710 511 4749 et
543 4701 734 4763 gravius
770 4701 976 4749 lammm
1018 4700 1289 4760 Scipionem
1331 4701 1372 4749 si

1430 4267 1569 4343 Jubo
1589 4282 1758 4329 parere
1790 4267 1937 4316 nollet
1970 4269 2089 4328 ipse,
2123 4269 2265 4329 quain
2300 4269 2340 4316 si
2362 4270 2451 4327 ipsi
2477 4269 2626 4330 Scipi·

1432 4344 1534 4376 om.

1494 4393 1573 4439 35.
1605 4392 1715 4440 Post
1728 4396 1882 4440 malm
1904 4391 2453 4453 elephantos,mnaturm
2471 4392 2622 4457 levem]

1436 4454 1510 4500 Eo
1533 4454 1747 4511 consilio,
1767 4463 1820 4500 ut
1842 4455 1880 4500 si
1903 4454 1969 4500 illi
2000 4456 2063 4500 ab
2101 4453 2312 4500 hostibus
2344 4456 2624 4513 repelleren-

1432 4526 1526 4572 tur,
1558 4517 1837 4573 funditores,
1874 4515 1954 4575 qui
1988 4515 2110 4563 inter
2145 4524 2435 4564 armaturam
2472 4519 2623 4567 levem

1432 4586 1588 4634 erant,
1618 4578 1801 4637 lapides
1843 4577 1892 4623 in
1929 4576 2059 4634 ipso·
2095 4578 2401 4642 conjicerent,
2438 4594 2538 4641 quo
2568 4580 2629 4640 in,

1432 4641 1594 4688 hoste·
1615 4646 2012 4697 retorquerentur.

2458 4813 2486 4825 -d-
