3059 5050
5 636 45 867 ffzitff
5 378 43 526 Um·

20 1774 29 1797 „
5 1692 29 1729 π
5 1604 23 1642 *⁵
5 1520 33 1556 κ’
5 1430 37 1468 τε
5 893 47 1382 waramum·

9 1962 23 1985 ι]
5 1865 25 1900 Η

1258 262 1538 331 LIBER
1579 266 1698 333 111.
1789 281 1795 287 ·
2575 282 2693 351 271

268 415 614 502 praefectum
653 415 920 498 equitum
950 413 1029 477 C.
1075 412 1453 478 Volusenum
1500 415 1847 492 interficere,
1877 427 1946 477 ut
1987 432 2220 500 postea,
2267 422 2423 487 bello
2469 446 2618 492 con-

269 502 442 578 fecto,
470 503 782 583 cognitum
814 516 933 578 est3
976 513 1044 561 ut
1070 520 1208 561 cum
1240 520 1485 562 munere
1514 499 1717 581 aliquo
1758 499 2086 583 perfugisse
2133 506 2212 566 ad
2258 505 2617 594 Pompeium

266 587 628 649 viderentur.
717 584 1053 666 Postquam
1108 585 1173 646 id
1220 584 1515 649 difficilius
1543 584 1737 646 visum
1766 597 1873 661 est,
1903 606 2096 669 neque
2142 587 2398 654 facultas
2438 597 2618 677 perfi-

264 671 464 734 ciendi
493 672 774 747 dabatur,
805 673 988 752 quam
1019 669 1313 730 maximas
1360 682 1679 753 potuerunt
1721 670 2006 753 pecunias
2047 676 2323 753 mutuati,
2368 680 2620 761 perinde

264 776 340 817 ac
370 754 733 833 satisfacere,
762 768 822 817 et
843 754 1123 835 ‚fraudata
1149 752 1453 815 restituere
1479 752 1719 831 vellent,
1751 752 1952 817 multis
1978 758 2275 840 coe’mptis
2303 763 2489 843 equis,
2536 766 2617 829 ad
2658 770 2699 829 5

265 838 427 902 Pom
474 841 632 902 eium
666 839 1020 902 transierunt
1048 857 1183 898 cum
1213 837 1286 899 iis
1310 858 1461 919 quos
1484 839 1576 900 sui
1599 837 1836 901 consilii
1859 840 2180 924 participes
2211 841 2529 909 habebant.

355 862 531 987 Lfil.
587 924 757 1005 Quos
802 921 1146 1005 Pompeius,
1195 920 1361 1005 quod
1405 937 1579 986 erant
1622 924 1874 986 honesto
1901 923 2039 988 loco
2086 927 2231 1005 nati,
2260 944 2321 990 et
2345 929 2618 995 instructi

264 1009 614 1085 liberaliter,
664 1028 1001 1089 magnoque
1046 1006 1338 1069 comitatu
1383 1020 1443 1070 et
1488 1007 1689 1070 multis
1722 1009 2014 1090 jumentis
2052 1025 2357 1090 venerant,
2388 1014 2619 1099 virique

268 1093 451 1155 fortes
481 1094 868 1168 habebantur,
898 1105 959 1153 et
985 1092 1047 1153 in
1078 1091 1307 1155 honore
1337 1092 1500 1176 apud
1531 1090 1842 1155 Caesarem
1885 1093 2138 1171 fuerant,
2186 1095 2466 1180 quodque
2510 1122 2619 1164 no-

267 1200 409 1239 vum
440 1193 498 1240 et
525 1192 744 1261 praeter
770 1176 1262 1239 consuetudinem
1294 1177 1618 1253 acciderat,
1650 1176 1855 1240 omnia
1899 1199 2006 1240 sua
2035 1180 2321 1263 praesidia
2363 1184 2704 1250 circum-1⁰

263 1263 439 1339 dixit,
489 1276 665 1345 atque
712 1261 1050 1323 ostentavit.
1138 1259 1302 1324 Nam
1352 1274 1490 1324 ante
1531 1263 1595 1325 id
1639 1276 1872 1346 tempus
1918 1285 2116 1341 nemo,
2162 1280 2267 1327 aut
2310 1267 2477 1330 miles
2516 1284 2623 1333 aut

262 1368 464 1428 equeS,
514 1347 553 1408 a
596 1344 847 1408 Caesare
893 1346 974 1407 ad
1026 1343 1387 1430 Pompeium
1435 1347 1781 1409 transierat:
1839 1368 2022 1429 quum
2063 1348 2225 1447 pene
2272 1353 2540 1431 quotidie
2582 1356 2623 1419 a

263 1429 564 1514 Pompeio
595 1431 672 1494 ad
705 1430 1015 1493 Caesarem
1048 1430 1447 1514 perfuga-ent,
1477 1431 1665 1516 vulgo
1691 1431 1835 1494 vero
1864 1432 1929 1495 in
1958 1432 2154 1517 Epiro
2184 1448 2362 1517 atque
2390 1434 2624 1502 AEtolia

262 1516 589 1599 conscripti
620 1516 853 1592 militeS,
899 1535 1226 1597 earumque
1269 1517 1583 1598 regionum
1629 1519 1898 1580 omnium
1945 1539 2083 1600 quae
2113 1519 2152 1581 a
2181 1517 2430 1583 Coesare
2460 1537 2619 1586 tene-

264 1601 505 1663 bantur.
596 1599 720 1662 Sed
772 1600 855 1677 hi,
902 1600 1163 1682 cognitis
1209 1601 1487 1662 omnibus
1537 1602 1733 1678 rebus,
1777 1622 1880 1664 seu
1910 1602 2055 1683 quid
2101 1603 2164 1664 in
2193 1605 2703 1671 munitionibusl5

264 1685 593 1769 perfectum
644 1706 767 1747 noa
812 1700 960 1761 erat,
1009 1705 1111 1746 seu
1158 1684 1303 1766 quid
1341 1706 1378 1745 a
1412 1685 1806 1768 »peritioribus
1852 1685 1938 1747 rei
1986 1686 2258 1749 militaris
2300 1689 2625 1756 desiderari

265 1771 605 1846 videbatur,
653 1769 1138 1852 temporibusque
1184 1789 1402 1845 rerum,
1433 1782 1492 1830 et
1519 1769 1727 1851 spatiis
1772 1768 2066 1847 locorum,
2114 1784 2175 1833 et
2218 1775 2624 1839 custodiarum

266 1854 440 1917 varia
459 1852 777 1935 diligentia
803 1852 1241 1928 animadversa,
1272 1866 1449 1934 prout
1477 1857 1762 1936 cujusque
1791 1873 2021 1929 eorum,
2051 1855 2154 1952 qui
2183 1858 2438 1937 negotiis
2511 1881 2625 1922 rae-

266 1952 459 2016 erant,
485 1952 590 2001 aut
616 1950 834 2001 natura
860 1951 966 1999 aut
993 1937 1253 1999 studium
1282 1936 1527 2015 ferebat,
1558 1937 1692 2001 haec
1724 1938 1803 2001 ad
1831 1936 2192 2023 Pompeium
2223 1941 2429 2003 omnia
2498 1956 2625 2009 etu-

265 2024 482 2087 lerunt.
2624 2032 2707 2091 20

352 2106 561 2171 LXII.
620 2105 860 2189 Quibus
907 2106 1006 2169 ille
1034 2107 1314 2188 cognitis,
1345 2106 1790 2190 eruptionisque
1804 2109 1938 2190 jam
1969 2109 2111 2171 ante
2141 2123 2322 2193 capto
2351 2112 2624 2193 consilio,

266 2208 335 2256 ut
373 2194 844 2255 demonstratum
890 2204 998 2269 est,
1036 2204 1381 2273 tegumenta
1422 2191 1612 2274 galeis
1655 2192 1868 2254 milites
1915 2214 1993 2255 ex
2037 2194 2361 2257 viminibus
2409 2196 2626 2276 facere,

266 2292 448 2360 atque
478 2296 763 2360 aggerem
794 2290 1175 2360 comportare
1191 2277 1384 2358 jubet.
1474 2274 1591 2338 His
1620 2277 1845 2360 paratis
1870 2278 2065 2355 rebus,
2096 2298 2385 2360 magnum
2418 2302 2627 2344 nume-

271 2384 402 2425 rum
434 2362 579 2424 levis
625 2374 952 2423 armaturae
1000 2375 1061 2423 et
1104 2360 1572 2443 sagittariorum,
1621 2383 1659 2423 a
1705 2383 2025 2444 geremque
2071 2384 2309 2425 omnem
2354 2379 2534 2428 noctu
2563 2368 2625 2431 in

272 2448 548 2530 scaphas,
578 2460 635 2509 et
663 2466 847 2508 naves
877 2446 1176 2508 actuarias
1205 2446 1490 2530 imponit3
1547 2459 1608 2508 et
1691 2467 1727 2507 e
1769 2445 1967 2509 media
2013 2462 2191 2510 nocte
2217 2448 2495 2513 cohortes
2525 2455 2707 2515 1³25

272 2554 356 2595 ex
386 2532 659 2594 maximis
686 2532 894 2594 castris
924 2532 1338 2615 praesidiisque
1366 2531 1675 2607 deductas,
1707 2531 1787 2594 ad
1814 2552 1947 2594 eam
1976 2546 2206 2616 partem
2231 2536 2629 2601 munitionum

273 2616 460 2695 (lucit,
486 2638 623 2699 quae
646 2617 1020 2701 pertinebant
1050 2615 1129 2677 ad
1158 2635 1342 2692 mare,
1374 2614 1845 2700 longissimeque
1875 2616 1913 2678 a
1942 2618 2220 2679 maximis
2247 2620 2457 2682 castris
2483 2619 2628 2684 Cae-

276 2704 426 2764 saris
469 2703 733 2768 aberant.
822 2698 1060 2763 Eodem
1109 2721 1311 2778 naveS,
1359 2722 1509 2783 quas
1552 2701 2092 2763 demonstravimus
2135 2724 2362 2784 aggere
2392 2717 2452 2767 et
2479 2704 2626 2768 levis

273 2801 597 2850 armaturae
622 2786 906 2848 militibus
929 2784 1280 2869 completas,
1310 2805 1578 2867 quasque
1607 2785 1685 2848 ad
1717 2783 2169 2868 Dyrrhachium
2199 2808 2384 2850 naves
2412 2789 2630 2872 longas

275 2873 555 2948 habebat,
588 2871 793 2948 mittit;
835 2883 895 2931 et
965 2871 1068 2932 uid
1098 2871 1136 2931 a
1163 2891 1399 2951 quoque
1428 2868 1559 2931 ficri
1589 2869 1751 2948 velit,
1781 2870 2075 2954 praecipit.
2164 2871 2262 2933 Ad
2292 2893 2394 2933 eas
2434 2875 2712 2938 muni-30

272 2957 466 3019 tiones
496 2955 723 3022 Caesar.
742 2891 1066 3017 Lenuiium
1095 2952 1517 3016 Marcellinum
1546 2969 1930 3035 quaestorem,
1960 2974 2097 3016 cum
2128 2954 2368 3037 legione
2403 2977 2489 3020 tx.
2519 2980 2633 3041 po-

274 3042 456 3104 situm
505 3041 782 3101 habebat.
870 3035 1054 3114 Huic,
1100 3037 1267 3119 quod
1313 3037 1655 3102 valetudine
1706 3038 1904 3102 minus
1948 3039 2276 3101 commoda
2326 3039 2630 3120 utebatur,

276 3124 564 3189 Fulvium
594 3123 990 3186 Posthumum
1019 3123 1350 3204 adjutorem
1383 3122 1774 3186 summiserat.

364 3207 607 3272 LXIII.
661 3206 817 3270 Erat
860 3228 934 3269 eo
976 3208 1114 3270 loco
1157 3206 1315 3269 fossa
1343 3207 1564 3289 pedum
1595 3229 1697 3270 xv.
1745 3221 1804 3270 et
1830 3205 2024 3270 vallus
2045 3221 2267 3284 ,contra
2294 3209 2522 3273 bostem
2570 3212 2631 3275 iu

276 3295 658 3358 altitudinem
698 3292 917 3376 pedum
950 3312 1004 3353 1.
1052 3292 1539 3373 tantumdemque
1581 3293 1710 3374 ejus
1757 3292 1898 3355 valli
1947 3313 2141 3375 agger
2168 3297 2232 3356 in
2259 3292 2714 3360 latitudinem35

279 3381 542 3465 patebat.
630 3377 732 3440 Ab
760 3397 854 3453 e0,
886 3376 1220 3439 intermisso
1250 3377 1447 3460 spatio
1476 3376 1696 3460 pedum
1726 3399 1834 3440 nc.
1866 3377 2016 3440 alter
2043 3399 2365 3442 conversus
2397 3379 2458 3442 in
2488 3402 2635 3444 con-

282 3466 526 3527 trarium
576 3475 809 3549 partem
855 3475 984 3523 erat
1010 3459 1222 3538 vallus,
1254 3460 1570 3523 humiliore
1615 3462 1822 3545 paullo
1868 3462 2218 3526 munitione.
2305 3461 2447 3527 Hoc
2474 3466 2634 3530 enim

282 3549 689 3632 superioribus
710 3547 923 3610 diebus
951 3546 1164 3608 timens
1189 3544 1423 3623 Caesar,
1454 3567 1528 3607 ne
1560 3546 1813 3609 navibus
1837 3549 2023 3609 nostri
2048 3548 2635 3627 circumvenirentur,

285 3633 581 3715 duplicem
613 3654 688 3695 eo
716 3632 853 3694 loco
882 3632 1103 3694 fecerat
1146 3629 1403 3711 vallum;
1448 3643 1533 3707 ut,
1577 3631 1625 3693 si
1674 3631 1921 3714 ancipiti
1970 3631 2185 3715 proelio
2230 3633 2635 3709 dimicaretur,

400 3732 486 3779 set
528 3717 739 3779 resisti.
827 3715 951 3779 Sed
981 3737 1231 3799 operum
1272 3715 1649 3796 magnitudo,
1680 3727 1740 3777 et
1766 3716 2076 3778 continens
2106 3716 2373 3779 omnium
2403 3717 2724 3780 dierum40

311 3804 481 3879 abor,
510 3802 673 3885 quod
710 3800 898 3864 ,millia
944 3821 1225 3884 passuum
1273 3799 1335 3862 in
1381 3799 1634 3862 circuitu
1683 3821 1784 3862 xvt
1795 3821 1866 3864 ιι.
1899 3800 2253 3863 munitiones
2299 3813 2429 3863 erat
2472 3821 2640 3863 com-

284 3886 517 3973 plexus,
563 3886 905 3970 perficiendi
937 3885 1194 3970 spatium
1225 3906 1348 3947 non
1377 3885 1584 3948 dabat.
1671 3883 1882 3966 Itaque
1911 3898 2123 3947 contra
2151 3906 2314 3948 mare
2333 3899 2640 3947 transver-

284 3994 421 4036 sum
450 3972 694 4050 vallum,
725 3972 825 4054 qui
870 3971 977 4033 has
1004 3972 1153 4033 duas
1182 3969 1545 4031 munitiones
1570 3968 1962 4050 contingeret,
1995 3970 2263 4031 nondum
2293 3967 2638 4053 perfecerat.

284 4056 452 4142 Quae
480 4079 573 4121 res
603 4070 749 4119 nota
775 4069 904 4119 erat
947 4054 1266 4139 Pompei0,
1319 4052 1522 4117 delata
1557 4074 1665 4140 per
1692 4052 2056 4136 Allobroges
2101 4053 2426 4139 perfugas;
2469 4074 2643 4135 mag-

349 4223 397 4276 ⁷.
427 4224 645 4276 lauradi
659 4223 945 4285 liberalitem]
977 4224 1134 4272 Lauta
1154 4223 1479 4282 suppellectile
1542 4221 1738 4278 AEmim,
1779 4222 1829 4268 ln
1883 4222 2111 4270 familiam
2155 4221 2430 4280 Scipionum
2472 4220 2726 4279 adoptione

283 4294 341 4335 et
369 4287 559 4334 viatico.
1541 4284 1794 4330 transierat
1814 4298 1827 4340 ;
1860 4293 1906 4331 et
1927 4285 2168 4346 Augustus
2190 4284 2343 4331 dictus
2362 4292 2436 4332 est
2462 4282 2727 4333 Cenat-Oc-

350 4350 429 4395 ³1.
462 4347 708 4398 [uitulum
744 4345 1107 4408 Marcellinum]
1150 4346 1265 4410 *Hoc
1308 4360 1480 4394 nomeu
1543 4345 1779 4402 tavianua,
1794 4346 1907 4405 quia
1934 4345 2042 4393 cum
2063 4354 2190 4393 esset
2208 4344 2331 4391 filius
2360 4343 2560 4400 Octavii,
2577 4343 2605 4392 ὲ
2626 4346 2728 4393 Cae.

283 4411 442 4474 patris
464 4413 537 4457 sui
569 4410 786 4469 obtinuit,
816 4409 900 4470 qui
931 4408 984 4456 P.
1016 4408 1234 4456 Marcelli
1269 4409 1390 4455 nlius
1422 4411 1482 4454 de
1546 4422 1655 4455 tare
1703 4408 1859 4454 suerat
1889 4410 2159 4467 adoptatus.
2223 4406 2365 4452 Hunc
2398 4420 2540 4464 porro
2571 4407 2729 4456 verisi-

284 4481 435 4536 «ωηο
451 4473 657 4521 Claudia
671 4474 721 4519 in
743 4471 1049 4524 Lentulorum
1073 4469 1299 4518 familiam
1316 4470 1343 4517 a
1362 4470 1482 4517 Len·
1547 4468 1657 4516 mile
1677 4477 1750 4515 est
1766 4470 1944 4515 Caesari
1968 4470 2114 4515 fuisse
2130 4466 2521 4524 addictissimum,
2541 4468 2620 4527 qui
2647 4484 2730 4529 pa·

283 4535 392 4583 tulo
422 4537 698 4594 adoptatus,
735 4532 964 4582 Lentulus
995 4531 1102 4579 ideo
1132 4531 1283 4579 dictus
1317 4541 1405 4588 est,
1435 4540 1483 4578 et
1545 4539 1667 4578 trem
1705 4532 1910 4578 habebat
1947 4531 2064 4577 Pom
2100 4530 2175 4576 eio
2212 4544 2444 4589 perquam
2482 4530 2732 4584 insensum,

284 4596 621 4652 Marcellinus,
655 4595 766 4655 quia
799 4595 923 4642 filiu·
946 4593 1161 4641 Marcelli
1179 4607 1193 4652 3
1224 4601 1277 4639 ut
1298 4593 1354 4640 P.
1384 4592 1482 4640 Sci·
1547 4602 1598 4639 ut
1640 4592 1839 4654 legimus
1874 4593 2004 4654 apud
2089 4592 2204 4640 aler.
2227 4589 2510 4650 Maximum,
2549 4592 2630 4644 m».
2666 4606 2732 4642 tt.

286 4660 374 4720 pio
416 4658 717 4714 AEmffinnnu,
757 4658 839 4718 qui
879 4653 985 4706 cum
1028 4663 1156 4706 estet
1190 4655 1313 4708 filim
1347 4653 1487 4706 Pauli
1546 4670 1654 4717 cap.
1673 4656 1723 4709 2.
