3059 5050
755 297 908 377 ‘DE
955 310 1262 375 BELLo
1306 240 1773 374 AFRiCANo
1805 310 2109 377 LIBER.
2575 291 2702 381 sss

227 466 452 527 hostem
484 473 699 524 contra
732 461 1036 545 principes
1067 460 1152 522 ire
1184 461 1511 522 contendit.
1600 460 1659 522 A
1678 461 1895 522 dextro
1925 460 2163 524 interim
2194 481 2387 523 cornu
2415 460 2616 524 fundi-

228 566 402 624 toreS,
426 546 848 629 sagittariique
872 547 1112 607 concita
1138 546 1257 607 tela
1278 546 1340 607 in
1366 546 1717 629 elephantos
1743 545 2080 628 frequentes
2103 546 2401 629 injiciunt.
2469 544 2616 630 Quo

227 634 388 697 facto
419 635 633 695 bestiae
665 632 924 693 stridore
955 630 1275 693 fundarum
1310 630 1701 713 lapidumque
1729 631 2065 713 perterrita?
2097 653 2223 693 sese
2247 646 2617 710 convertere,

224 734 283 781 et
313 741 456 780 suos
482 732 621 802 post
650 739 712 779 se
739 717 1077 799 frequentes
1103 717 1471 799 stipatusque
1496 728 1822 799 proterere,
1855 732 1914 778 et
1943 717 2004 778 in
2034 730 2243 800 portas
2273 718 2416 779 valli
2442 718 2620 780 semi-

224 804 420 866 factas
451 824 623 865 ruere
652 803 1045 865 contendunt.
1135 799 1281 862 Item
1309 798 1516 862 Mauri
1538 803 1766 883 equites
1789 802 1891 884 qui
1925 803 1982 863 in
2016 802 2226 863 eodem
2260 823 2449 865 cornu
2480 826 2615 865 cum
2663 807 2702 865 5

225 890 566 973 elephantis
590 902 780 965 erant,
803 887 1088 971 praesidio
1119 884 1336 946 deserti
1365 885 1672 968 principes
1705 886 1967 970 fugiunt.
2057 885 2155 948 Ita
2185 886 2456 949 celeriter
2485 890 2620 953 bes-

228 975 327 1035 tiis
360 974 643 1042 circuitiS.
702 973 971 1054 legiones
1000 970 1165 1031 vallo
1194 969 1454 1031 hostium
1482 984 1623 1032 sunt
1653 973 1863 1055 potitae
1892 995 1907 1034 z
1952 984 2012 1034 et
2040 972 2252 1056 paucis
2279 973 2499 1034 acriter
2528 995 2621 1037 re-

232 1061 641 1142 pugnantibus
674 1056 1013 1131 intersectiS,
1048 1055 1262 1137 reliqui
1306 1055 1598 1118 concitati
1629 1058 1691 1118 in
1734 1072 1952 1137 castra,
2004 1058 2161 1119 unde
2212 1056 2406 1142 pridie
2452 1073 2624 1121 erant

177 1176 181 1180 >
230 1146 483 1227 egressi,
515 1142 889 1223 confugiunt.

316 1226 679 1291 LXXXIV.
726 1225 789 1287 Ν
793 1248 873 1287 on
899 1224 1139 1287 videtur
1169 1246 1298 1287 esse
1326 1227 1909 1325 praetermittendum
1943 1228 2019 1291 de
2047 1229 2267 1292 virtute
2286 1227 2489 1291 militis
2519 1233 2709 1293 ve-IO

228 1313 417 1376 terani
450 1335 507 1374 v.
538 1312 815 1393 legionis,
906 1309 1073 1371 Nam
1107 1332 1294 1392 quum
1327 1333 1387 1372 in
1421 1312 1664 1374 sinistro
1683 1335 1872 1375 cornu
1895 1313 2246 1398 elephantus
2270 1314 2515 1376 vulnere
2538 1314 2627 1377 ic-

228 1411 319 1461 tus
348 1412 407 1460 et
430 1398 641 1460 dolore
671 1396 1014 1459 concitatus
1046 1397 1107 1456 in
1140 1396 1329 1458 lixam
1369 1397 1661 1459 inermem
1719 1399 2005 1482 impetum
2057 1397 2313 1478 fecisset,
2367 1421 2628 1482 eumque

225 1485 334 1545 sub
368 1485 521 1567 pede
551 1483 881 1558 subditum,
914 1482 1134 1543 deinde
1158 1502 1323 1563 genu
1353 1481 1598 1545 innixus
1625 1485 1894 1566 pondere
1919 1506 2048 1562 suo,
2071 1484 2435 1568 proboscide
2460 1506 2626 1547 erec-

224 1570 285 1632 ta
314 1569 721 1650 vibrantique,
754 1568 1009 1631 stridore
1052 1567 1325 1629 maximo
1375 1585 1673 1651 premeret
1725 1583 1904 1651 atque
1956 1584 2253 1647 enecaret,
2289 1570 2478 1632 ‘miles
2525 1570 2625 1632 bic

222 1677 347 1717 non
380 1654 581 1738 potuit
610 1654 758 1737 pati,
790 1654 935 1736 quin
962 1674 1025 1714 se
1056 1666 1355 1715 armatum
1382 1653 1596 1716 bestioe
1622 1654 1863 1717 offerret
1889 1676 1906 1716 ε
1950 1677 2130 1739 quem
2155 1668 2476 1740 postquam
2503 1656 2707 1720 ele-15

222 1741 489 1824 phantus
521 1739 600 1801 ad
632 1760 694 1800 se
724 1739 843 1801 telo
871 1738 1085 1800 infesto
1106 1738 1311 1800 venire
1342 1739 1789 1817 animadvertit,
1812 1740 2022 1803 relicto
2053 1742 2351 1803 cadavere
2376 1740 2627 1805 militem

225 1825 595 1908 proboscide
625 1825 984 1900 circumdat,
1039 1838 1221 1906 atque
1274 1823 1335 1886 in
1391 1825 1650 1886 sublime
1697 1826 1934 1888 extollit
1981 1841 2302 1888 armatum.
2392 1825 2517 1908 Qui
2562 1827 2628 1888 in

228 1911 530 1992 ejusmodi
561 1910 833 1993 periculo
863 1931 1047 1991 quum
1081 1922 1429 1972 constanter
1451 1911 1770 1992 ,agendum
1815 1910 1928 1973 sibi
1959 1911 2210 1988 videret,
2242 1911 2453 1993 gladio
2485 1932 2627 1997 pro-

226 1996 560 2073 boscidem,
592 2017 716 2078 quo
744 2009 873 2057 erat
902 1995 1333 2073 circumdatus,
1361 1996 1621 2072 caedere,
1648 2010 1937 2079 quantum
1961 1997 2189 2059 viribus
2220 2011 2476 2081 poterat,
2502 2018 2627 2062 non

228 2081 497 2149 destitit:
573 2102 695 2163 quo
748 2081 958 2143 dolore
1017 2081 1314 2142 adductus
1375 2080 1752 2165 elephantuS,
1785 2082 1974 2144 milite
2033 2082 2290 2165 abject0,
2346 2086 2710 2148 maximo20

229 2188 366 2229 cum
398 2166 654 2228 stridore
679 2188 978 2249 cursuque
1007 2187 1335 2228 conversus
1367 2166 1445 2228 ad
1478 2167 1741 2250 reliquas
1772 2168 1992 2230 bestias
2019 2190 2081 2231 se
2105 2170 2349 2253 recepit.

314 2249 652 2314 LXXXV.
686 2251 934 2313 Interim
966 2249 1228 2335 Thapso
1254 2252 1356 2333 qui
1389 2267 1562 2313 erant
1586 2254 1892 2337 praesidio,
1946 2276 2024 2316 ex
2072 2255 2306 2339 oppido
2357 2255 2621 2339 eruptio-

227 2359 361 2399 nem
396 2337 574 2420 porta
604 2337 909 2399 maritima
938 2337 1205 2399 faciunt:
1251 2352 1330 2413 et,
1364 2338 1489 2398 sive
1519 2355 1586 2400 ut
1615 2341 1734 2400 suis
1760 2340 2030 2402 subsidio
2052 2355 2455 2417 occurrerent,
2477 2341 2624 2417 sive,

227 2438 310 2499 ut,
343 2423 573 2506 oppido
604 2423 862 2499 deserto,
889 2422 1039 2504 fuga
1068 2422 1318 2484 salutem
1352 2423 1467 2484 sibi
1505 2439 1809 2507 pararent,
1843 2426 2257 2508 egrediuntur,
2307 2440 2487 2508 atque
2540 2427 2628 2489 ita

227 2531 337 2593 per
366 2531 533 2572 mare
562 2508 835 2571 umbilici
866 2508 988 2570 fine
1018 2509 1293 2591 ingressi,
1326 2521 1548 2571 terram
1600 2512 1886 2594 petebant
1911 2533 1927 2571 z
1975 2512 2078 2593 qui
2110 2511 2147 2573 ὸ,
2177 2512 2361 2575 servis
2392 2510 2708 2613 pueris-25

230 2616 369 2676 que,
416 2595 518 2677 qui
550 2596 612 2656 in
641 2596 852 2657 castris
882 2609 1075 2671 erant,
1107 2594 1410 2677 lapidibus
1487 2595 1701 2678 ilisque
1777 2597 2019 2658 rohibiti
2054 2612 2272 2660 terram
2306 2612 2622 2681 attingere,

227 2701 435 2742 rursus
460 2702 522 2743 se
552 2681 613 2742 in
646 2681 939 2764 oppidum
968 2694 1341 2764 receperunt.
1432 2618 1680 2743 fnterim
1711 2618 2018 2766 §cipionis
2049 2683 2243 2783 copiis
2285 2684 2620 2768 prostratiS,

227 2766 575 2849 passimque
601 2779 726 2829 toto
751 2787 975 2850 campo
1000 2765 2001 2848 fugientibuS,confestimCaesaris
2023 2767 2291 2852 legiones
2311 2770 2622 2852 consequi,

225 2853 609 2935 spatiumque
639 2873 702 2913 se
727 2874 850 2914 non
882 2853 1030 2913 dare
1061 2851 1412 2932 colligendi.
1526 2852 1651 2934 Qui
1684 2868 2004 2937 postquam
2038 2855 2116 2916 ad
2149 2877 2223 2917 ea
2251 2869 2453 2917 castra
2482 2876 2623 2938 quae

225 2939 534 3021 petebant,
556 2937 968 3021 perfugerant,
994 2951 1062 2999 ut
1084 2938 1320 2998 refectis
1345 2937 1555 2997 castris
1578 2959 1779 2999 rursus
1800 2960 1925 2999 sese
1946 2938 2332 3001 defenderent
2355 2961 2375 3017 3
2405 2939 2709 3001 ducemso

225 3023 493 3104 aliquem
518 3023 850 3104 requirunt,
883 3043 1062 3104 quem
1096 3023 1476 3104 respicerent,
1511 3023 1682 3103 cujus
1714 3022 2070 3084 auctoritate
2095 3022 2470 3107 imperioque
2495 3045 2620 3085 rem

231 3121 535 3189 gererent.
627 3106 753 3189 Qui
811 3123 1134 3191 postquam
1196 3108 1586 3168 adverterunt
1633 3107 1933 3169 neminem
1989 3107 2073 3168 ibi
2126 3129 2254 3169 esse
2309 3107 2621 3192 praesidio,

230 3194 509 3276 protinus
562 3193 745 3254 armis
799 3194 1046 3275 abjectis
1106 3194 1167 3255 in
1227 3194 1399 3274 regia
1451 3208 1652 3254 castra
1710 3192 1919 3275 fugere
1978 3193 2369 3255 contendunt.
2475 3190 2620 3276 Quo

226 3293 551 3362 postquam
584 3293 1001 3362 pervenerunt,
1033 3301 1225 3361 caque
1258 3281 1336 3340 ab
1364 3276 1627 3340 Julianis
1675 3278 1860 3340 teneri
1895 3278 2119 3356 vident,
2167 3279 2270 3340 des
2351 3278 2485 3342 rata
2525 3300 2623 3341 sa-

224 3364 351 3426 lute
382 3367 444 3426 in
475 3365 741 3447 quodam
774 3364 930 3426 colle
978 3368 1357 3441 consistunt3
1405 3377 1586 3446 atque
1640 3365 1823 3426 armis
1872 3364 2144 3426 demissis
2197 3386 2225 3426 s
2289 3364 2702 3428 mationem-‘35

224 3471 398 3512 more
446 3449 693 3511 militari
748 3450 993 3512 faciunt.
1102 3451 1341 3532 Quibus
1375 3449 1601 3511 miseris
1655 3471 1730 3512 ea
1783 3471 1875 3512 res
1929 3471 2123 3534 parvo
2150 3450 2441 3534 praesidio
2487 3449 2617 3513 fuit.

224 3534 515 3618 Namque
546 3536 762 3598 milites
793 3535 1061 3598 veterani
1092 3536 1183 3596 ira
1235 3551 1294 3596 et
1326 3535 1538 3597 dolore
1569 3535 1817 3614 incensi,
1873 3558 1995 3599 non
2051 3536 2235 3598 modo
2291 3549 2357 3598 ut
2405 3556 2617 3618 parce-

228 3635 364 3681 rent
391 3622 567 3700 hosti,
601 3643 719 3683 non
754 3634 1037 3705 poterant
1067 3622 1309 3698 adduci,
1341 3622 1445 3683 sed
1476 3621 1656 3683 etiam
1689 3643 1766 3683 ex
1793 3643 1902 3683 suo
1931 3622 2201 3684 exercitu
2230 3620 2488 3683 illustres
2516 3642 2617 3682 ur-

228 3706 444 3784 banoS,
498 3728 649 3790 quos
701 3721 981 3769 auctores
1035 3706 1445 3790 appellabant,
1494 3706 1837 3789 complures
1897 3720 2002 3769 aut
2051 3706 2464 3784 vulnerarunt,
2514 3717 2619 3767 aut

287 3901 368 3973 ²4:
400 3902 462 3949 Ae
509 3916 553 3948 ee
581 3900 652 3948 ita
689 3915 775 3963 per
806 3914 932 3947 mare
975 3900 1187 3974 umbilici
1213 3898 1320 3980 fi.'.¹‘
1362 3899 1437 3947 in·
1498 3907 1712 3972 vetustus
1743 3899 2017 3959 impressus,
2050 3913 2216 3946 omnes
2248 3900 2310 3946 ad
2342 3911 2489 3945 unum
2523 3898 2703 3946 habent

244 3965 417 4072 ascaniiii
450 3966 529 4074 md
550 3963 1436 4087 {iitiii-qiiix‘iil:ngl'iiiiticiigieitfiffnsgk
1499 3961 2029 4072 &nii-'fussalutatiomm
2073 4039 2200 4072 more
2242 4022 2437 4097 militari
2471 4021 2700 4086 faciunt]

342 4088 505 4136 iuntur
544 4104 686 4138 mam.
768 4089 906 4135 Unde
950 4090 1120 4137 Italica
1161 4103 1257 4136 vox
1301 4097 1437 4143 nata,
1500 4087 1876 4135 Commorientes
1909 4101 2081 4146 nempe
2118 4087 2463 4134 vicissitudines
2485 4086 2704 4141 sortunae,

277 4165 320 4198 ee
342 4165 483 4214 usque
500 4152 577 4199 ad.
1498 4163 1604 4208 quoe
1624 4151 1761 4197 varia
1782 4159 1872 4206 est,
1888 4157 1935 4196 et
1952 4151 2095 4197 modo
2112 4151 2160 4196 in
2177 4151 2322 4207 hunc,
2338 4147 2481 4195 modo
2496 4148 2546 4194 in
2565 4146 2698 4193 illum

286 4215 366 4260 32.
405 4213 497 4273 Qui
525 4219 768 4285 postquam
791 4213 1085 4261 adverterunt
1114 4212 1348 4261 nentinem
1366 4209 1437 4259 ibi
1500 4211 1713 4259 inclinat.

220 4289 315 4322 em
345 4276 602 4337 pre-niam]
661 4276 825 4336 Scipio
848 4291 934 4323 ιιι.
957 4277 1282 4335 cataphractis
1304 4274 1436 4322 navi·
1561 4277 1640 4322 37.
1665 4276 1746 4323 1τά
1766 4279 1809 4321 et
1830 4274 1987 4323 dolore
2007 4273 2220 4336 incensi]
2259 4274 2382 4327 Quia
2405 4270 2569 4332 Scipio
2590 4286 2701 4318 snos

220 4340 314 4385 bus
338 4353 425 4396 per
448 4353 581 4385 mare
604 4340 813 4400 fugerat,
837 4347 887 4385 ut
910 4341 1059 4385 refert
1084 4339 1343 4396 Appianus.
1499 4337 1847 4384 commilitones
1870 4339 2128 4384 crudeliter
2151 4343 2421 4383 necaverat.
2670 4389 2674 4394 .

284 4402 366 4448 33.
392 4400 597 4449 Protinis
617 4401 757 4449 armis
772 4399 996 4464 abjectis]
1033 4400 1221 4460 Clypeo
1236 4401 1435 4457 scilicet,
1559 4403 1636 4446 39.
1667 4401 1790 4459 Quos
1810 4404 2015 4447 auctores
2034 4398 2371 4461 appellabant]
2410 4395 2556 4450 Quasi
2587 4411 2700 4456 qino—

214 4463 304 4524 qui
340 4463 543 4522 fugienti
565 4479 745 4526 magno
777 4472 849 4510 est
883 4464 1235 4522 impedimento.
1299 4463 1436 4517 Quod
1498 4477 1605 4509 rum
1627 4462 1826 4508 consilio
1843 4463 1994 4509 multa
2015 4463 2211 4516 flebant,
2232 4474 2337 4518 quae
2359 4460 2584 4507 militibus
2608 4461 2701 4506 dis-

216 4528 400 4586 probat
424 4540 626 4585 sequens
649 4527 821 4580 oratio,
844 4528 923 4572 ubi
958 4535 1031 4572 est
1052 4524 1194 4572 aruris
1212 4524 1433 4582 demissis,
1495 4525 1752 4584 plicabant.
1817 4524 1872 4569 Li
1909 4525 2006 4571 sins
2043 4532 2205 4570 tamen
2245 4523 2433 4581 reponit
2473 4523 2696 4585 smum-es.

214 4591 349 4650 quod
374 4591 435 4634 sie
453 4589 557 4636 aliis
574 4593 721 4635 armis
746 4588 1040 4649 intelligitur.
1496 4588 1600 4634 Nec
1624 4587 1746 4633 forte
1767 4587 1866 4632 mal
1896 4618 1910 4642 ‚
1943 4601 2003 4633 ea
2034 4589 2161 4632 enim
2194 4586 2431 4632 sententia
2463 4585 2702 4633 invenitur

279 4655 360 4698 35.
384 4651 543 4699 Armis
564 4651 802 4713 demissis]
838 4649 1157 4709 Manuscripti
1182 4649 1318 4710 Regii
1334 4658 1431 4698 tres
1493 4651 1546 4696 in
1565 4651 1688 4697 libro
1708 4650 1771 4695 de
1791 4645 1918 4695 bello
1941 4648 2266 4708 Hispaniensi.

211 4715 431 4773 codices,
465 4714 657 4763 Thuani
695 4716 809 4771 duo,
845 4713 1117 4760 Victorinus
1153 4726 1291 4770 nnus,
1326 4726 1431 4772 per·
1533 4776 1566 4819 2
1599 4773 1643 4822 Α
