<?xml version="1.0" encoding="UTF-8"?>
<!DOCTYPE html PUBLIC "-//W3C//DTD XHTML 1.0 Transitional//EN"
    "http://www.w3.org/TR/xhtml1/DTD/xhtml1-transitional.dtd">
<html xmlns="http://www.w3.org/1999/xhtml" xml:lang="en" lang="en">
 <head>
  <title>
</title>
<meta http-equiv="Content-Type" content="text/html;charset=utf-8" />
  <meta name='ocr-system' content='tesseract 3.04.00' />
  <meta name='ocr-capabilities' content='ocr_page ocr_carea ocr_par ocr_line ocrx_word'/>
</head>
<body>
  <div class='ocr_page' id='page_1' title='image "./cjuliicaesarisq00celsgoog_0116.png"; bbox 0 0 3059 5050; ppageno 0'>
   <div class='ocr_carea' id='block_1_1' title="bbox 405 275 2076 371">
    <p class='ocr_par' dir='ltr' id='par_1_1' title="bbox 405 275 2076 371">
     <span class='ocr_line' id='line_1_1' title="bbox 405 275 2076 371; baseline -0.002 -28"><span class='ocrx_word' id='word_1_1' title='bbox 405 287 486 355; x_wconf 72' lang='lat' dir='ltr'>oa</span> <span class='ocrx_word' id='word_1_2' title='bbox 1173 276 1296 342; x_wconf 82' lang='lat' dir='ltr'>DE</span> <span class='ocrx_word' id='word_1_3' title='bbox 1338 276 1641 371; x_wconf 58' lang='lat' dir='ltr'>Reum</span> <span class='ocrx_word' id='word_1_4' title='bbox 1686 275 2076 341; x_wconf 74' lang='lat' dir='ltr'>GAmeo</span> 
     </span>
    </p>
   </div>
   <div class='ocr_carea' id='block_1_2' title="bbox 357 420 2841 3953">
    <p class='ocr_par' dir='ltr' id='par_1_2' title="bbox 401 420 2841 2187">
     <span class='ocr_line' id='line_1_2' title="bbox 488 420 2839 504; baseline -0.002 -14"><span class='ocrx_word' id='word_1_5' title='bbox 488 440 636 504; x_wconf 85' lang='lat' dir='ltr'>sent,</span> <span class='ocrx_word' id='word_1_6' title='bbox 661 424 967 488; x_wconf 82' lang='lat' dir='ltr'><strong>ulteriores</strong></span> <span class='ocrx_word' id='word_1_7' title='bbox 996 436 1240 487; x_wconf 89' lang='lat' dir='ltr'>tentant.</span> <span class='ocrx_word' id='word_1_8' title='bbox 1328 423 1595 486; x_wconf 81' lang='lat' dir='ltr'>Inventis</span> <span class='ocrx_word' id='word_1_9' title='bbox 1620 423 1942 499; x_wconf 84' lang='lat' dir='ltr'>nonnullis,</span> <span class='ocrx_word' id='word_1_10' title='bbox 1972 422 2239 484; x_wconf 86' lang='lat' dir='ltr'>civitates</span> <span class='ocrx_word' id='word_1_11' title='bbox 2266 420 2663 503; x_wconf 86' lang='lat' dir='ltr'>jurejurando</span> <span class='ocrx_word' id='word_1_12' title='bbox 2681 420 2839 485; x_wconf 86' lang='lat' dir='ltr'>inter</span> 
     </span>
     <span class='ocr_line' id='line_1_3' title="bbox 487 505 2841 591; baseline -0.002 -18"><span class='ocrx_word' id='word_1_13' title='bbox 487 531 551 573; x_wconf 86' lang='lat' dir='ltr'>se</span> <span class='ocrx_word' id='word_1_14' title='bbox 573 511 949 585; x_wconf 82' lang='lat' dir='ltr'>confirmant,</span> <span class='ocrx_word' id='word_1_15' title='bbox 979 508 1401 589; x_wconf 77' lang='lat' dir='ltr'>obsidibusque</span> <span class='ocrx_word' id='word_1_16' title='bbox 1426 510 1501 569; x_wconf 88' lang='lat' dir='ltr'>de</span> <span class='ocrx_word' id='word_1_17' title='bbox 1519 509 1776 591; x_wconf 66' lang='lat' dir='ltr'>pecunia</span> <span class='ocrx_word' id='word_1_18' title='bbox 1802 520 2035 582; x_wconf 89' lang='lat' dir='ltr'>cavent,</span> <span class='ocrx_word' id='word_1_19' title='bbox 2056 505 2473 587; x_wconf 80' lang='lat' dir='ltr'>Ambiorigem</span> <span class='ocrx_word' id='word_1_20' title='bbox 2498 506 2614 567; x_wconf 89' lang='lat' dir='ltr'>sibi</span> <span class='ocrx_word' id='word_1_21' title='bbox 2645 506 2841 569; x_wconf 86' lang='lat' dir='ltr'>socie-</span> 
     </span>
     <span class='ocr_line' id='line_1_4' title="bbox 485 588 2837 673; baseline -0.001 -18"><span class='ocrx_word' id='word_1_22' title='bbox 485 607 609 655; x_wconf 88' lang='lat' dir='ltr'>tate</span> <span class='ocrx_word' id='word_1_23' title='bbox 631 607 691 654; x_wconf 91' lang='lat' dir='ltr'>et</span> <span class='ocrx_word' id='word_1_24' title='bbox 712 592 933 655; x_wconf 83' lang='lat' dir='ltr'>foedere</span> <span class='ocrx_word' id='word_1_25' title='bbox 961 593 1315 673; x_wconf 86' lang='lat' dir='ltr'>adjungunt.</span> <span class='ocrx_word' id='word_1_26' title='bbox 1467 592 1642 653; x_wconf 88' lang='lat' dir='ltr'>uibus</span> <span class='ocrx_word' id='word_1_27' title='bbox 1667 593 1842 654; x_wconf 88' lang='lat' dir='ltr'>rebus</span> <span class='ocrx_word' id='word_1_28' title='bbox 1871 590 2147 672; x_wconf 89' lang='lat' dir='ltr'>cognitis,</span> <span class='ocrx_word' id='word_1_29' title='bbox 2179 588 2412 666; x_wconf 84' lang='lat' dir='ltr'>Caesar,</span> <span class='ocrx_word' id='word_1_30' title='bbox 2442 610 2626 670; x_wconf 88' lang='lat' dir='ltr'>quum</span> <span class='ocrx_word' id='word_1_31' title='bbox 2658 591 2837 653; x_wconf 87' lang='lat' dir='ltr'>undi-</span> 
     </span>
     <span class='ocr_line' id='line_1_5' title="bbox 405 671 2840 840; baseline -0.002 -15"><span class='ocrx_word' id='word_1_32' title='bbox 405 766 446 825; x_wconf 67' lang='lat' dir='ltr'>s</span> <span class='ocrx_word' id='word_1_33' title='bbox 489 676 853 823; x_wconf 53' lang='grc' dir='ltr'>ἓξῗὴῖἰᾙὲ</span> <span class='ocrx_word' id='word_1_34' title='bbox 881 675 1696 822; x_wconf 47' lang='grc' dir='ltr'>ἓᾶῗῗῃέἰὲἕὲωξωζξὲ</span> <span class='ocrx_word' id='word_1_35' title='bbox 1713 675 2046 834; x_wconf 59' lang='grc' dir='ltr'>’ἲῖἓῖἶὲῑέ</span> <span class='ocrx_word' id='word_1_36' title='bbox 2066 671 2840 840; x_wconf 54' lang='lat' dir='ltr'>ssssfflfflss&#39;sssssssstffi</span> 
     </span>
     <span class='ocr_line' id='line_1_6' title="bbox 487 840 2837 924; baseline -0.002 -17"><span class='ocrx_word' id='word_1_37' title='bbox 487 866 610 907; x_wconf 82' lang='lat' dir='ltr'>non</span> <span class='ocrx_word' id='word_1_38' title='bbox 639 843 861 920; x_wconf 83' lang='lat' dir='ltr'>venire,</span> <span class='ocrx_word' id='word_1_39' title='bbox 889 856 949 903; x_wconf 93' lang='lat' dir='ltr'>et</span> <span class='ocrx_word' id='word_1_40' title='bbox 975 864 1113 905; x_wconf 89' lang='lat' dir='ltr'>cum</span> <span class='ocrx_word' id='word_1_41' title='bbox 1146 842 1512 905; x_wconf 79' lang='lat' dir='ltr'>Carnutibus</span> <span class='ocrx_word' id='word_1_42' title='bbox 1557 840 1939 924; x_wconf 84' lang='lat' dir='ltr'>finitimisque</span> <span class='ocrx_word' id='word_1_43' title='bbox 1983 840 2319 902; x_wconf 82' lang='lat' dir='ltr'>civitatibus</span> <span class='ocrx_word' id='word_1_44' title='bbox 2370 840 2619 902; x_wconf 85' lang='lat' dir='ltr'>consilia</span> <span class='ocrx_word' id='word_1_45' title='bbox 2664 863 2837 903; x_wconf 90' lang='lat' dir='ltr'>com-</span> 
     </span>
     <span class='ocr_line' id='line_1_7' title="bbox 486 924 2837 1008; baseline -0.002 -19"><span class='ocrx_word' id='word_1_46' title='bbox 486 929 811 1004; x_wconf 76' lang='lat' dir='ltr'>manicare,</span> <span class='ocrx_word' id='word_1_47' title='bbox 834 927 870 988; x_wconf 72' lang='lat' dir='ltr'>a</span> <span class='ocrx_word' id='word_1_48' title='bbox 886 924 1158 988; x_wconf 89' lang='lat' dir='ltr'>Treviris</span> <span class='ocrx_word' id='word_1_49' title='bbox 1179 926 1514 988; x_wconf 87' lang='lat' dir='ltr'>Germanos</span> <span class='ocrx_word' id='word_1_50' title='bbox 1533 928 1754 989; x_wconf 78' lang='lat' dir='ltr'>crebris</span> <span class='ocrx_word' id='word_1_51' title='bbox 1773 925 2173 1008; x_wconf 77' lang='lat' dir='ltr'>legationibus</span> <span class='ocrx_word' id='word_1_52' title='bbox 2196 924 2520 1001; x_wconf 88' lang='lat' dir='ltr'>sollicitari,</span> <span class='ocrx_word' id='word_1_53' title='bbox 2539 926 2837 987; x_wconf 76' lang='lat' dir='ltr'>maturius</span> 
     </span>
     <span class='ocr_line' id='line_1_8' title="bbox 484 1010 1934 1094; baseline 0 -20"><span class='ocrx_word' id='word_1_54' title='bbox 484 1012 598 1074; x_wconf 86' lang='lat' dir='ltr'>sibi</span> <span class='ocrx_word' id='word_1_55' title='bbox 621 1013 698 1073; x_wconf 89' lang='lat' dir='ltr'>de</span> <span class='ocrx_word' id='word_1_56' title='bbox 725 1010 886 1072; x_wconf 81' lang='lat' dir='ltr'>bello</span> <span class='ocrx_word' id='word_1_57' title='bbox 909 1011 1301 1091; x_wconf 86' lang='lat' dir='ltr'>cogitandum</span> <span class='ocrx_word' id='word_1_58' title='bbox 1330 1011 1583 1094; x_wconf 81' lang='lat' dir='ltr'>putavit.</span> <span class='ocrx_word' id='word_1_59' title='bbox 1914 1062 1934 1074; x_wconf 88' lang='lat'>.</span> 
     </span>
     <span class='ocr_line' id='line_1_9' title="bbox 565 1091 2839 1178; baseline -0 -21"><span class='ocrx_word' id='word_1_60' title='bbox 565 1095 682 1157; x_wconf 90' lang='lat'>111.</span> <span class='ocrx_word' id='word_1_61' title='bbox 728 1093 941 1178; x_wconf 86' lang='lat' dir='ltr'>Itaque</span> <span class='ocrx_word' id='word_1_62' title='bbox 962 1096 1231 1156; x_wconf 86' lang='lat' dir='ltr'>nondum</span> <span class='ocrx_word' id='word_1_63' title='bbox 1262 1095 1453 1165; x_wconf 76' lang='lat' dir='ltr'>bieme</span> <span class='ocrx_word' id='word_1_64' title='bbox 1482 1093 1772 1170; x_wconf 67' lang='lat' dir='ltr'>confecta,</span> <span class='ocrx_word' id='word_1_65' title='bbox 1796 1092 2087 1177; x_wconf 83' lang='lat' dir='ltr'>proximis</span> <span class='ocrx_word' id='word_1_66' title='bbox 2118 1113 2204 1154; x_wconf 78' lang='lat' dir='ltr'>tv.</span> <span class='ocrx_word' id='word_1_67' title='bbox 2229 1091 2565 1173; x_wconf 85' lang='lat' dir='ltr'>legiom’bus</span> <span class='ocrx_word' id='word_1_68' title='bbox 2582 1095 2839 1171; x_wconf 77' lang='lat' dir='ltr'>coactiS‚</span> 
     </span>
     <span class='ocr_line' id='line_1_10' title="bbox 406 1175 2839 1263; baseline -0.002 -19"><span class='ocrx_word' id='word_1_69' title='bbox 406 1180 561 1245; x_wconf 82' lang='lat' dir='ltr'>lode</span> <span class='ocrx_word' id='word_1_70' title='bbox 588 1180 915 1263; x_wconf 86' lang='lat' dir='ltr'>improviso</span> <span class='ocrx_word' id='word_1_71' title='bbox 938 1179 1001 1240; x_wconf 89' lang='lat' dir='ltr'>in</span> <span class='ocrx_word' id='word_1_72' title='bbox 1031 1178 1180 1241; x_wconf 81' lang='lat' dir='ltr'>fines</span> <span class='ocrx_word' id='word_1_73' title='bbox 1201 1177 1565 1241; x_wconf 86' lang='lat' dir='ltr'>Nerviorum</span> <span class='ocrx_word' id='word_1_74' title='bbox 1595 1179 1928 1253; x_wconf 89' lang='lat' dir='ltr'>contendit;</span> <span class='ocrx_word' id='word_1_75' title='bbox 1973 1189 2032 1237; x_wconf 91' lang='lat' dir='ltr'>et</span> <span class='ocrx_word' id='word_1_76' title='bbox 2060 1177 2223 1259; x_wconf 77' lang='lat' dir='ltr'>prius</span> <span class='ocrx_word' id='word_1_77' title='bbox 2246 1176 2425 1257; x_wconf 73' lang='lat' dir='ltr'>quam</span> <span class='ocrx_word' id='word_1_78' title='bbox 2445 1175 2530 1237; x_wconf 85' lang='lat' dir='ltr'>illi</span> <span class='ocrx_word' id='word_1_79' title='bbox 2558 1191 2662 1239; x_wconf 84' lang='lat' dir='ltr'>aut</span> <span class='ocrx_word' id='word_1_80' title='bbox 2684 1198 2839 1240; x_wconf 88' lang='lat' dir='ltr'>con-</span> 
     </span>
     <span class='ocr_line' id='line_1_11' title="bbox 482 1260 2835 1346; baseline -0.001 -20"><span class='ocrx_word' id='word_1_81' title='bbox 482 1265 706 1340; x_wconf 87' lang='lat' dir='ltr'>venire,</span> <span class='ocrx_word' id='word_1_82' title='bbox 735 1277 841 1325; x_wconf 87' lang='lat' dir='ltr'>aut</span> <span class='ocrx_word' id='word_1_83' title='bbox 867 1262 1189 1346; x_wconf 78' lang='lat' dir='ltr'>profugere</span> <span class='ocrx_word' id='word_1_84' title='bbox 1229 1276 1487 1345; x_wconf 79' lang='lat' dir='ltr'>possent,</span> <span class='ocrx_word' id='word_1_85' title='bbox 1517 1282 1742 1343; x_wconf 86' lang='lat' dir='ltr'>magno</span> <span class='ocrx_word' id='word_1_86' title='bbox 1770 1260 2005 1345; x_wconf 89' lang='lat' dir='ltr'>pecoris</span> <span class='ocrx_word' id='word_1_87' title='bbox 2033 1273 2211 1343; x_wconf 87' lang='lat' dir='ltr'>atque</span> <span class='ocrx_word' id='word_1_88' title='bbox 2237 1260 2547 1322; x_wconf 88' lang='lat' dir='ltr'>bominum</span> <span class='ocrx_word' id='word_1_89' title='bbox 2577 1282 2835 1324; x_wconf 88' lang='lat' dir='ltr'>numero</span> 
     </span>
     <span class='ocr_line' id='line_1_12' title="bbox 483 1344 2839 1432; baseline -0 -23"><span class='ocrx_word' id='word_1_90' title='bbox 483 1362 683 1432; x_wconf 85' lang='lat' dir='ltr'>capto,</span> <span class='ocrx_word' id='word_1_91' title='bbox 708 1361 887 1429; x_wconf 86' lang='lat' dir='ltr'>atque</span> <span class='ocrx_word' id='word_1_92' title='bbox 915 1347 989 1409; x_wconf 78' lang='lat' dir='ltr'>eii</span> <span class='ocrx_word' id='word_1_93' title='bbox 1017 1347 1229 1430; x_wconf 68' lang='lat' dir='ltr'>praedi</span> <span class='ocrx_word' id='word_1_94' title='bbox 1255 1347 1543 1409; x_wconf 81' lang='lat' dir='ltr'>militibus</span> <span class='ocrx_word' id='word_1_95' title='bbox 1570 1346 1872 1421; x_wconf 65' lang='lat' dir='ltr'>concessa,</span> <span class='ocrx_word' id='word_1_96' title='bbox 1895 1345 2257 1426; x_wconf 86' lang='lat' dir='ltr'>vastatisque</span> <span class='ocrx_word' id='word_1_97' title='bbox 2282 1344 2463 1426; x_wconf 88' lang='lat' dir='ltr'>agris,</span> <span class='ocrx_word' id='word_1_98' title='bbox 2491 1345 2554 1406; x_wconf 89' lang='lat' dir='ltr'>in</span> <span class='ocrx_word' id='word_1_99' title='bbox 2578 1345 2839 1408; x_wconf 84' lang='lat' dir='ltr'>deditio-</span> 
     </span>
     <span class='ocr_line' id='line_1_13' title="bbox 482 1427 2833 1512; baseline -0 -19"><span class='ocrx_word' id='word_1_100' title='bbox 482 1453 620 1494; x_wconf 88' lang='lat' dir='ltr'>nem</span> <span class='ocrx_word' id='word_1_101' title='bbox 649 1432 872 1507; x_wconf 85' lang='lat' dir='ltr'>venire‚</span> <span class='ocrx_word' id='word_1_102' title='bbox 917 1443 1097 1512; x_wconf 90' lang='lat' dir='ltr'>atque</span> <span class='ocrx_word' id='word_1_103' title='bbox 1125 1432 1362 1493; x_wconf 84' lang='lat' dir='ltr'>obsides</span> <span class='ocrx_word' id='word_1_104' title='bbox 1387 1430 1497 1492; x_wconf 90' lang='lat' dir='ltr'>sibi</span> <span class='ocrx_word' id='word_1_105' title='bbox 1527 1431 1674 1492; x_wconf 88' lang='lat' dir='ltr'>dare</span> <span class='ocrx_word' id='word_1_106' title='bbox 1701 1430 1925 1510; x_wconf 68' lang='lat' dir='ltr'>coegit.</span> <span class='ocrx_word' id='word_1_107' title='bbox 2012 1427 2112 1490; x_wconf 90' lang='lat' dir='ltr'>Eo</span> <span class='ocrx_word' id='word_1_108' title='bbox 2135 1427 2404 1490; x_wconf 85' lang='lat' dir='ltr'>celeriter</span> <span class='ocrx_word' id='word_1_109' title='bbox 2430 1429 2707 1492; x_wconf 82' lang='lat' dir='ltr'>confecto</span> <span class='ocrx_word' id='word_1_110' title='bbox 2726 1451 2833 1492; x_wconf 90' lang='lat' dir='ltr'>ne-</span> 
     </span>
     <span class='ocr_line' id='line_1_14' title="bbox 482 1511 2835 1598; baseline -0 -21"><span class='ocrx_word' id='word_1_111' title='bbox 482 1517 671 1598; x_wconf 81' lang='lat' dir='ltr'>gotiO,</span> <span class='ocrx_word' id='word_1_112' title='bbox 697 1536 899 1577; x_wconf 86' lang='lat' dir='ltr'>rursus</span> <span class='ocrx_word' id='word_1_113' title='bbox 927 1515 1193 1597; x_wconf 78' lang='lat' dir='ltr'>legiones</span> <span class='ocrx_word' id='word_1_114' title='bbox 1217 1516 1278 1576; x_wconf 90' lang='lat' dir='ltr'>in</span> <span class='ocrx_word' id='word_1_115' title='bbox 1303 1515 1556 1577; x_wconf 90' lang='lat' dir='ltr'>hiberna</span> <span class='ocrx_word' id='word_1_116' title='bbox 1582 1514 1836 1576; x_wconf 80' lang='lat' dir='ltr'>reduxit.</span> <span class='ocrx_word' id='word_1_117' title='bbox 1896 1511 2178 1575; x_wconf 88' lang='lat' dir='ltr'>Concilio</span> <span class='ocrx_word' id='word_1_118' title='bbox 2205 1511 2425 1574; x_wconf 83' lang='lat' dir='ltr'>Galliae</span> <span class='ocrx_word' id='word_1_119' title='bbox 2453 1514 2650 1597; x_wconf 90' lang='lat' dir='ltr'>primo</span> <span class='ocrx_word' id='word_1_120' title='bbox 2671 1535 2835 1591; x_wconf 86' lang='lat' dir='ltr'>vere,</span> 
     </span>
     <span class='ocr_line' id='line_1_15' title="bbox 405 1594 2837 1682; baseline -0.002 -18"><span class='ocrx_word' id='word_1_121' title='bbox 405 1607 550 1666; x_wconf 85' lang='lat' dir='ltr'>15ut</span> <span class='ocrx_word' id='word_1_122' title='bbox 577 1600 927 1675; x_wconf 78' lang='lat' dir='ltr'>instituerat,</span> <span class='ocrx_word' id='word_1_123' title='bbox 958 1600 1204 1676; x_wconf 89' lang='lat' dir='ltr'>indicto,</span> <span class='ocrx_word' id='word_1_124' title='bbox 1234 1620 1418 1680; x_wconf 88' lang='lat' dir='ltr'>quum</span> <span class='ocrx_word' id='word_1_125' title='bbox 1449 1599 1661 1680; x_wconf 83' lang='lat' dir='ltr'>reliqui</span> <span class='ocrx_word' id='word_1_126' title='bbox 1690 1609 1911 1682; x_wconf 77' lang='lat' dir='ltr'>praeter</span> <span class='ocrx_word' id='word_1_127' title='bbox 1948 1596 2238 1673; x_wconf 75' lang='lat' dir='ltr'>SenoneS,</span> <span class='ocrx_word' id='word_1_128' title='bbox 2265 1594 2584 1673; x_wconf 88' lang='lat' dir='ltr'>Carnutes,</span> <span class='ocrx_word' id='word_1_129' title='bbox 2612 1595 2837 1660; x_wconf 79' lang='lat' dir='ltr'>Trevi-</span> 
     </span>
     <span class='ocr_line' id='line_1_16' title="bbox 485 1680 2836 1766; baseline -0.001 -20"><span class='ocrx_word' id='word_1_130' title='bbox 485 1706 702 1766; x_wconf 90' lang='lat' dir='ltr'>rosque</span> <span class='ocrx_word' id='word_1_131' title='bbox 729 1685 1056 1746; x_wconf 87' lang='lat' dir='ltr'>venissent:</span> <span class='ocrx_word' id='word_1_132' title='bbox 1101 1684 1336 1745; x_wconf 86' lang='lat' dir='ltr'>initium</span> <span class='ocrx_word' id='word_1_133' title='bbox 1377 1680 1523 1745; x_wconf 92' lang='lat' dir='ltr'>belli</span> <span class='ocrx_word' id='word_1_134' title='bbox 1565 1704 1638 1744; x_wconf 90' lang='lat' dir='ltr'>ac</span> <span class='ocrx_word' id='word_1_135' title='bbox 1682 1681 2028 1744; x_wconf 71' lang='lat' dir='ltr'>defectionis</span> <span class='ocrx_word' id='word_1_136' title='bbox 2075 1681 2189 1743; x_wconf 90' lang='lat' dir='ltr'>hoc</span> <span class='ocrx_word' id='word_1_137' title='bbox 2237 1700 2362 1742; x_wconf 85' lang='lat' dir='ltr'>esse</span> <span class='ocrx_word' id='word_1_138' title='bbox 2391 1681 2729 1759; x_wconf 87' lang='lat' dir='ltr'>arbitratus,</span> <span class='ocrx_word' id='word_1_139' title='bbox 2769 1698 2836 1744; x_wconf 84' lang='lat' dir='ltr'>ut</span> 
     </span>
     <span class='ocr_line' id='line_1_17' title="bbox 415 1763 2831 1852; baseline -0.002 -21"><span class='ocrx_word' id='word_1_140' title='bbox 415 1842 422 1847; x_wconf 27' lang='grc' dir='ltr'>ι</span> <span class='ocrx_word' id='word_1_141' title='bbox 482 1770 687 1832; x_wconf 87' lang='lat' dir='ltr'>omnia</span> <span class='ocrx_word' id='word_1_142' title='bbox 715 1782 1073 1852; x_wconf 83' lang='lat' dir='ltr'>postponere</span> <span class='ocrx_word' id='word_1_143' title='bbox 1098 1767 1418 1844; x_wconf 83' lang='lat' dir='ltr'>videretur,</span> <span class='ocrx_word' id='word_1_144' title='bbox 1447 1767 1771 1829; x_wconf 86' lang='lat' dir='ltr'>concilium</span> <span class='ocrx_word' id='word_1_145' title='bbox 1796 1764 2099 1827; x_wconf 80' lang='lat' dir='ltr'>Lutetiam</span> <span class='ocrx_word' id='word_1_146' title='bbox 2129 1763 2501 1827; x_wconf 84' lang='lat' dir='ltr'>Parisiorum</span> <span class='ocrx_word' id='word_1_147' title='bbox 2532 1767 2831 1828; x_wconf 77' lang='lat' dir='ltr'>transfert.</span> 
     </span>
     <span class='ocr_line' id='line_1_18' title="bbox 485 1849 2836 1933; baseline -0.001 -17"><span class='ocrx_word' id='word_1_148' title='bbox 485 1853 775 1916; x_wconf 74' lang='lat' dir='ltr'>C&#39;omfines</span> <span class='ocrx_word' id='word_1_149' title='bbox 803 1868 973 1914; x_wconf 87' lang='lat' dir='ltr'>erant</span> <span class='ocrx_word' id='word_1_150' title='bbox 1001 1853 1061 1913; x_wconf 87' lang='lat' dir='ltr'>hi</span> <span class='ocrx_word' id='word_1_151' title='bbox 1093 1851 1453 1928; x_wconf 86' lang='lat' dir='ltr'>Senonibus,</span> <span class='ocrx_word' id='word_1_152' title='bbox 1478 1851 1903 1931; x_wconf 84' lang='lat' dir='ltr'>civitatemque</span> <span class='ocrx_word' id='word_1_153' title='bbox 1929 1862 2169 1933; x_wconf 89' lang='lat' dir='ltr'>patrum</span> <span class='ocrx_word' id='word_1_154' title='bbox 2194 1849 2482 1911; x_wconf 67' lang='lat' dir='ltr'>memoria</span> <span class='ocrx_word' id='word_1_155' title='bbox 2501 1851 2836 1931; x_wconf 79' lang='lat' dir='ltr'>conjunxe-</span> 
     </span>
     <span class='ocr_line' id='line_1_19' title="bbox 483 1931 2836 2017; baseline -0.002 -16"><span class='ocrx_word' id='word_1_156' title='bbox 483 1951 646 2001; x_wconf 81' lang='lat' dir='ltr'>rant:</span> <span class='ocrx_word' id='word_1_157' title='bbox 692 1939 794 1999; x_wconf 88' lang='lat' dir='ltr'>sed</span> <span class='ocrx_word' id='word_1_158' title='bbox 826 1938 905 1999; x_wconf 88' lang='lat' dir='ltr'>ab</span> <span class='ocrx_word' id='word_1_159' title='bbox 934 1937 1049 1998; x_wconf 88' lang='lat' dir='ltr'>hoc</span> <span class='ocrx_word' id='word_1_160' title='bbox 1079 1936 1339 1998; x_wconf 88' lang='lat' dir='ltr'>concilio</span> <span class='ocrx_word' id='word_1_161' title='bbox 1369 1936 1629 1998; x_wconf 83' lang='lat' dir='ltr'>abfuisse</span> <span class='ocrx_word' id='word_1_162' title='bbox 1674 1934 2187 1996; x_wconf 79' lang='lat' dir='ltr'>existimabantur.</span> <span class='ocrx_word' id='word_1_163' title='bbox 2273 1931 2413 1995; x_wconf 67' lang='lat' dir='ltr'>Hac</span> <span class='ocrx_word' id='word_1_164' title='bbox 2454 1954 2520 1994; x_wconf 90' lang='lat' dir='ltr'>re</span> <span class='ocrx_word' id='word_1_165' title='bbox 2592 1954 2836 2017; x_wconf 86' lang='lat' dir='ltr'>ro·sug-</span> 
     </span>
     <span class='ocr_line' id='line_1_20' title="bbox 401 2016 2835 2106; baseline -0.001 -22"><span class='ocrx_word' id='word_1_166' title='bbox 401 2027 655 2105; x_wconf 60' lang='lat' dir='ltr'>zogesto</span> <span class='ocrx_word' id='word_1_167' title='bbox 681 2021 1086 2106; x_wconf 64' lang='lat' dir='ltr'>pronuntiati,</span> <span class='ocrx_word' id='word_1_168' title='bbox 1117 2021 1328 2083; x_wconf 88' lang='lat' dir='ltr'>eodem</span> <span class='ocrx_word' id='word_1_169' title='bbox 1358 2020 1457 2081; x_wconf 84' lang='lat' dir='ltr'>die</span> <span class='ocrx_word' id='word_1_170' title='bbox 1497 2039 1635 2081; x_wconf 88' lang='lat' dir='ltr'>cum</span> <span class='ocrx_word' id='word_1_171' title='bbox 1665 2017 2006 2100; x_wconf 81' lang='lat' dir='ltr'>legionibus</span> <span class='ocrx_word' id='word_1_172' title='bbox 2032 2017 2095 2079; x_wconf 89' lang='lat' dir='ltr'>in</span> <span class='ocrx_word' id='word_1_173' title='bbox 2124 2016 2391 2079; x_wconf 85' lang='lat' dir='ltr'>Senones</span> <span class='ocrx_word' id='word_1_174' title='bbox 2413 2038 2527 2101; x_wconf 92' lang='lat' dir='ltr'>pro</span> <span class='ocrx_word' id='word_1_175' title='bbox 2570 2018 2835 2096; x_wconf 87' lang='lat' dir='ltr'>ciscitur,</span> 
     </span>
     <span class='ocr_line' id='line_1_21' title="bbox 481 2103 1592 2187; baseline -0.003 -19"><span class='ocrx_word' id='word_1_176' title='bbox 481 2108 719 2187; x_wconf 87' lang='lat' dir='ltr'>magnis</span> <span class='ocrx_word' id='word_1_177' title='bbox 762 2126 838 2167; x_wconf 87' lang='lat' dir='ltr'>ue</span> <span class='ocrx_word' id='word_1_178' title='bbox 866 2105 1172 2166; x_wconf 85' lang='lat' dir='ltr'>itineribus</span> <span class='ocrx_word' id='word_1_179' title='bbox 1201 2104 1274 2166; x_wconf 79' lang='lat' dir='ltr'>eo</span> <span class='ocrx_word' id='word_1_180' title='bbox 1303 2103 1592 2187; x_wconf 80' lang='lat' dir='ltr'>pervenit.</span> 
     </span>
    </p>

    <p class='ocr_par' dir='ltr' id='par_1_3' title="bbox 467 2185 2839 2440">
     <span class='ocr_line' id='line_1_22' title="bbox 566 2185 2833 2269; baseline -0 -19"><span class='ocrx_word' id='word_1_181' title='bbox 566 2189 678 2251; x_wconf 91' lang='lat' dir='ltr'>IV.</span> <span class='ocrx_word' id='word_1_182' title='bbox 786 2188 997 2269; x_wconf 82' lang='lat' dir='ltr'>ognito</span> <span class='ocrx_word' id='word_1_183' title='bbox 1025 2188 1152 2268; x_wconf 84' lang='lat' dir='ltr'>ejus</span> <span class='ocrx_word' id='word_1_184' title='bbox 1181 2187 1462 2263; x_wconf 84' lang='lat' dir='ltr'>adventu,</span> <span class='ocrx_word' id='word_1_185' title='bbox 1503 2185 1696 2262; x_wconf 85' lang='lat' dir='ltr'>Acco,</span> <span class='ocrx_word' id='word_1_186' title='bbox 1742 2186 1844 2267; x_wconf 89' lang='lat' dir='ltr'>qui</span> <span class='ocrx_word' id='word_1_187' title='bbox 1889 2186 2166 2269; x_wconf 81' lang='lat' dir='ltr'>princeps</span> <span class='ocrx_word' id='word_1_188' title='bbox 2195 2186 2323 2267; x_wconf 84' lang='lat' dir='ltr'>ejus</span> <span class='ocrx_word' id='word_1_189' title='bbox 2349 2185 2590 2248; x_wconf 87' lang='lat' dir='ltr'>concilii</span> <span class='ocrx_word' id='word_1_190' title='bbox 2618 2186 2833 2264; x_wconf 83' lang='lat' dir='ltr'>fuerat,</span> 
     </span>
     <span class='ocr_line' id='line_1_23' title="bbox 467 2268 2836 2356; baseline -0 -21"><span class='ocrx_word' id='word_1_191' title='bbox 467 2275 644 2356; x_wconf 83' lang='lat' dir='ltr'>jubet</span> <span class='ocrx_word' id='word_1_192' title='bbox 671 2273 733 2333; x_wconf 91' lang='lat' dir='ltr'>in</span> <span class='ocrx_word' id='word_1_193' title='bbox 763 2271 990 2354; x_wconf 85' lang='lat' dir='ltr'>oppida</span> <span class='ocrx_word' id='word_1_194' title='bbox 1018 2270 1457 2332; x_wconf 85' lang='lat' dir='ltr'>multitudinem</span> <span class='ocrx_word' id='word_1_195' title='bbox 1486 2270 1829 2331; x_wconf 88' lang='lat' dir='ltr'>convenire.</span> <span class='ocrx_word' id='word_1_196' title='bbox 1915 2268 2315 2345; x_wconf 84' lang='lat' dir='ltr'>Conantibus,</span> <span class='ocrx_word' id='word_1_197' title='bbox 2353 2270 2519 2354; x_wconf 79' lang='lat' dir='ltr'>prius</span> <span class='ocrx_word' id='word_1_198' title='bbox 2547 2272 2729 2352; x_wconf 75' lang='lat' dir='ltr'>quam</span> <span class='ocrx_word' id='word_1_199' title='bbox 2773 2272 2836 2334; x_wconf 89' lang='lat' dir='ltr'>id</span> 
     </span>
     <span class='ocr_line' id='line_1_24' title="bbox 480 2350 2839 2440; baseline 0 -22"><span class='ocrx_word' id='word_1_200' title='bbox 480 2356 632 2418; x_wconf 85' lang='lat' dir='ltr'>effici</span> <span class='ocrx_word' id='word_1_201' title='bbox 678 2369 894 2440; x_wconf 88' lang='lat' dir='ltr'>posset,</span> <span class='ocrx_word' id='word_1_202' title='bbox 943 2355 1150 2418; x_wconf 83' lang='lat' dir='ltr'>adesse</span> <span class='ocrx_word' id='word_1_203' title='bbox 1195 2352 1510 2416; x_wconf 85' lang='lat' dir='ltr'>Romanos</span> <span class='ocrx_word' id='word_1_204' title='bbox 1567 2353 1894 2415; x_wconf 87' lang='lat' dir='ltr'>nuntiatur.</span> <span class='ocrx_word' id='word_1_205' title='bbox 1980 2350 2338 2416; x_wconf 77' lang='lat' dir='ltr'>Necessario</span> <span class='ocrx_word' id='word_1_206' title='bbox 2396 2355 2686 2417; x_wconf 62' lang='lat' dir='ltr'>sententia</span> <span class='ocrx_word' id='word_1_207' title='bbox 2732 2356 2839 2418; x_wconf 91' lang='lat' dir='ltr'>de-</span> 
     </span>
    </p>

    <p class='ocr_par' dir='ltr' id='par_1_4' title="bbox 395 2435 2841 2861">
     <span class='ocr_line' id='line_1_25' title="bbox 395 2435 2841 2522; baseline -0.001 -17"><span class='ocrx_word' id='word_1_208' title='bbox 395 2440 711 2516; x_wconf 78' lang='lat' dir='ltr'>25sistunt,</span> <span class='ocrx_word' id='word_1_209' title='bbox 741 2440 1093 2521; x_wconf 78' lang='lat' dir='ltr'>legatosque</span> <span class='ocrx_word' id='word_1_210' title='bbox 1128 2438 1492 2522; x_wconf 88' lang='lat' dir='ltr'>deprecandi</span> <span class='ocrx_word' id='word_1_211' title='bbox 1535 2437 1751 2499; x_wconf 64' lang='lat' dir='ltr'>caussa</span> <span class='ocrx_word' id='word_1_212' title='bbox 1790 2439 1868 2499; x_wconf 81' lang='lat' dir='ltr'>ad</span> <span class='ocrx_word' id='word_1_213' title='bbox 1893 2435 2202 2500; x_wconf 81' lang='lat' dir='ltr'>Caesarem</span> <span class='ocrx_word' id='word_1_214' title='bbox 2249 2439 2504 2500; x_wconf 88' lang='lat' dir='ltr'>mittunt.</span> <span class='ocrx_word' id='word_1_215' title='bbox 2590 2438 2841 2502; x_wconf 85' lang='lat' dir='ltr'>Adeunt</span> 
     </span>
     <span class='ocr_line' id='line_1_26' title="bbox 478 2520 2838 2610; baseline 0 -23"><span class='ocrx_word' id='word_1_216' title='bbox 478 2546 586 2610; x_wconf 77' lang='lat' dir='ltr'>per</span> <span class='ocrx_word' id='word_1_217' title='bbox 611 2524 866 2601; x_wconf 84' lang='lat' dir='ltr'>AEduos,</span> <span class='ocrx_word' id='word_1_218' title='bbox 897 2543 1152 2606; x_wconf 88' lang='lat' dir='ltr'>quorum</span> <span class='ocrx_word' id='word_1_219' title='bbox 1195 2524 1520 2605; x_wconf 80' lang='lat' dir='ltr'>antiquitus</span> <span class='ocrx_word' id='word_1_220' title='bbox 1566 2536 1697 2585; x_wconf 88' lang='lat' dir='ltr'>erat</span> <span class='ocrx_word' id='word_1_221' title='bbox 1722 2522 1784 2584; x_wconf 88' lang='lat' dir='ltr'>in</span> <span class='ocrx_word' id='word_1_222' title='bbox 1814 2522 1934 2584; x_wconf 80' lang='lat' dir='ltr'>fide</span> <span class='ocrx_word' id='word_1_223' title='bbox 1962 2521 2193 2584; x_wconf 80' lang='lat' dir='ltr'>civitas.</span> <span class='ocrx_word' id='word_1_224' title='bbox 2279 2520 2566 2586; x_wconf 84' lang='lat' dir='ltr'>Libenter</span> <span class='ocrx_word' id='word_1_225' title='bbox 2594 2522 2838 2603; x_wconf 84' lang='lat' dir='ltr'>Caesar,</span> 
     </span>
     <span class='ocr_line' id='line_1_27' title="bbox 478 2606 2835 2694; baseline 0.001 -23"><span class='ocrx_word' id='word_1_226' title='bbox 478 2610 814 2694; x_wconf 87' lang='lat' dir='ltr'>petentibus</span> <span class='ocrx_word' id='word_1_227' title='bbox 843 2606 1080 2684; x_wconf 83' lang='lat' dir='ltr'>AEduis‚</span> <span class='ocrx_word' id='word_1_228' title='bbox 1099 2609 1205 2670; x_wconf 87' lang='lat' dir='ltr'>dat</span> <span class='ocrx_word' id='word_1_229' title='bbox 1229 2609 1485 2685; x_wconf 83' lang='lat' dir='ltr'>veniam,</span> <span class='ocrx_word' id='word_1_230' title='bbox 1509 2607 2075 2688; x_wconf 86' lang='lat' dir='ltr'>excusationemque</span> <span class='ocrx_word' id='word_1_231' title='bbox 2099 2607 2336 2691; x_wconf 87' lang='lat' dir='ltr'>accipit,</span> <span class='ocrx_word' id='word_1_232' title='bbox 2362 2609 2523 2690; x_wconf 80' lang='lat' dir='ltr'>quod</span> <span class='ocrx_word' id='word_1_233' title='bbox 2555 2610 2835 2673; x_wconf 81' lang='lat' dir='ltr'>aestivum</span> 
     </span>
     <span class='ocr_line' id='line_1_28' title="bbox 479 2691 2837 2776; baseline 0 -21"><span class='ocrx_word' id='word_1_234' title='bbox 479 2709 712 2776; x_wconf 89' lang='lat' dir='ltr'>tempus</span> <span class='ocrx_word' id='word_1_235' title='bbox 765 2692 1037 2754; x_wconf 87' lang='lat' dir='ltr'>instantis</span> <span class='ocrx_word' id='word_1_236' title='bbox 1083 2691 1243 2767; x_wconf 90' lang='lat' dir='ltr'>belli,</span> <span class='ocrx_word' id='word_1_237' title='bbox 1275 2713 1398 2753; x_wconf 89' lang='lat' dir='ltr'>non</span> <span class='ocrx_word' id='word_1_238' title='bbox 1427 2692 1794 2774; x_wconf 78' lang='lat' dir='ltr'>quaestioniS,</span> <span class='ocrx_word' id='word_1_239' title='bbox 1837 2711 1963 2753; x_wconf 87' lang='lat' dir='ltr'>esse</span> <span class='ocrx_word' id='word_1_240' title='bbox 1992 2691 2414 2754; x_wconf 82' lang='lat' dir='ltr'>arbitrabatur.</span> <span class='ocrx_word' id='word_1_241' title='bbox 2458 2765 2459 2768; x_wconf 7' lang='grc' dir='ltr'><strong>Ἴ</strong></span> <span class='ocrx_word' id='word_1_242' title='bbox 2498 2691 2837 2755; x_wconf 80' lang='lat' dir='ltr'>Obsidibus</span> 
     </span>
     <span class='ocr_line' id='line_1_29' title="bbox 477 2773 2832 2861; baseline 0 -23"><span class='ocrx_word' id='word_1_243' title='bbox 477 2777 783 2861; x_wconf 88' lang='lat' dir='ltr'>imperatis</span> <span class='ocrx_word' id='word_1_244' title='bbox 829 2789 1088 2853; x_wconf 83' lang='lat' dir='ltr'>eentum,</span> <span class='ocrx_word' id='word_1_245' title='bbox 1118 2777 1228 2837; x_wconf 83' lang='lat' dir='ltr'>hos</span> <span class='ocrx_word' id='word_1_246' title='bbox 1256 2774 1476 2838; x_wconf 74' lang='lat' dir='ltr'>AEduis</span> <span class='ocrx_word' id='word_1_247' title='bbox 1521 2775 1944 2837; x_wconf 82' lang='lat' dir='ltr'>custodiendos</span> <span class='ocrx_word' id='word_1_248' title='bbox 1974 2776 2173 2837; x_wconf 81' lang='lat' dir='ltr'>tradit.</span> <span class='ocrx_word' id='word_1_249' title='bbox 2258 2773 2497 2838; x_wconf 81' lang='lat' dir='ltr'>Eodem</span> <span class='ocrx_word' id='word_1_250' title='bbox 2526 2775 2832 2839; x_wconf 85' lang='lat' dir='ltr'>Carnutes</span> 
     </span>
    </p>

    <p class='ocr_par' dir='ltr' id='par_1_5' title="bbox 395 2857 2835 3112">
     <span class='ocr_line' id='line_1_30' title="bbox 395 2857 2835 2943; baseline -0.001 -17"><span class='ocrx_word' id='word_1_251' title='bbox 395 2862 709 2943; x_wconf 77' lang='lat' dir='ltr'>301egatos</span> <span class='ocrx_word' id='word_1_252' title='bbox 738 2860 1094 2941; x_wconf 81' lang='lat' dir='ltr'>obsidesque</span> <span class='ocrx_word' id='word_1_253' title='bbox 1145 2860 1403 2937; x_wconf 69' lang='lat' dir='ltr'>mittimt,</span> <span class='ocrx_word' id='word_1_254' title='bbox 1434 2861 1524 2921; x_wconf 87' lang='lat' dir='ltr'>usi</span> <span class='ocrx_word' id='word_1_255' title='bbox 1554 2859 2043 2942; x_wconf 87' lang='lat' dir='ltr'>deprecatoribus</span> <span class='ocrx_word' id='word_1_256' title='bbox 2071 2857 2342 2937; x_wconf 83' lang='lat' dir='ltr'>Rbemis,</span> <span class='ocrx_word' id='word_1_257' title='bbox 2371 2881 2628 2943; x_wconf 88' lang='lat' dir='ltr'>quorum</span> <span class='ocrx_word' id='word_1_258' title='bbox 2659 2875 2835 2924; x_wconf 85' lang='lat' dir='ltr'>erant</span> 
     </span>
     <span class='ocr_line' id='line_1_31' title="bbox 477 2942 2834 3030; baseline 0 -23"><span class='ocrx_word' id='word_1_259' title='bbox 477 2946 538 3008; x_wconf 90' lang='lat' dir='ltr'>in</span> <span class='ocrx_word' id='word_1_260' title='bbox 568 2945 879 3008; x_wconf 69' lang='lat' dir='ltr'>clientela:</span> <span class='ocrx_word' id='word_1_261' title='bbox 922 2944 1131 3007; x_wconf 89' lang='lat' dir='ltr'>eadem</span> <span class='ocrx_word' id='word_1_262' title='bbox 1170 2944 1367 3006; x_wconf 83' lang='lat' dir='ltr'>serunt</span> <span class='ocrx_word' id='word_1_263' title='bbox 1394 2965 1699 3027; x_wconf 88' lang='lat' dir='ltr'>responsa.</span> <span class='ocrx_word' id='word_1_264' title='bbox 1774 2942 2029 3025; x_wconf 86' lang='lat' dir='ltr'>Peragit</span> <span class='ocrx_word' id='word_1_265' title='bbox 2054 2943 2369 3006; x_wconf 85' lang='lat' dir='ltr'>consilium</span> <span class='ocrx_word' id='word_1_266' title='bbox 2400 2943 2634 3022; x_wconf 82' lang='lat' dir='ltr'>Caesar,</span> <span class='ocrx_word' id='word_1_267' title='bbox 2660 2946 2834 3030; x_wconf 87' lang='lat' dir='ltr'>equi-</span> 
     </span>
     <span class='ocr_line' id='line_1_32' title="bbox 475 3029 1350 3112; baseline -0.002 -20"><span class='ocrx_word' id='word_1_268' title='bbox 475 3042 680 3112; x_wconf 89' lang='lat' dir='ltr'>tesque</span> <span class='ocrx_word' id='word_1_269' title='bbox 708 3030 963 3112; x_wconf 86' lang='lat' dir='ltr'>imperat</span> <span class='ocrx_word' id='word_1_270' title='bbox 991 3029 1350 3092; x_wconf 87' lang='lat' dir='ltr'>civitatibus.</span> 
     </span>
    </p>

    <p class='ocr_par' dir='ltr' id='par_1_6' title="bbox 471 3110 2831 3279">
     <span class='ocr_line' id='line_1_33' title="bbox 558 3110 2831 3197; baseline 0 -22"><span class='ocrx_word' id='word_1_271' title='bbox 558 3112 639 3175; x_wconf 90' lang='lat' dir='ltr'>V.</span> <span class='ocrx_word' id='word_1_272' title='bbox 671 3112 808 3176; x_wconf 66' lang='lat' dir='ltr'>Hac</span> <span class='ocrx_word' id='word_1_273' title='bbox 833 3127 1002 3197; x_wconf 87' lang='lat' dir='ltr'>parte</span> <span class='ocrx_word' id='word_1_274' title='bbox 1028 3112 1250 3175; x_wconf 83' lang='lat' dir='ltr'>Galliae</span> <span class='ocrx_word' id='word_1_275' title='bbox 1275 3111 1512 3196; x_wconf 65' lang='lat' dir='ltr'>pacata,</span> <span class='ocrx_word' id='word_1_276' title='bbox 1539 3124 1697 3174; x_wconf 89' lang='lat' dir='ltr'>totus</span> <span class='ocrx_word' id='word_1_277' title='bbox 1726 3126 1785 3175; x_wconf 92' lang='lat' dir='ltr'>et</span> <span class='ocrx_word' id='word_1_278' title='bbox 1808 3125 2003 3174; x_wconf 89' lang='lat' dir='ltr'>mente</span> <span class='ocrx_word' id='word_1_279' title='bbox 2027 3126 2085 3174; x_wconf 90' lang='lat' dir='ltr'>et</span> <span class='ocrx_word' id='word_1_280' title='bbox 2108 3112 2312 3175; x_wconf 90' lang='lat' dir='ltr'>animo</span> <span class='ocrx_word' id='word_1_281' title='bbox 2334 3112 2398 3174; x_wconf 89' lang='lat' dir='ltr'>in</span> <span class='ocrx_word' id='word_1_282' title='bbox 2424 3111 2647 3175; x_wconf 87' lang='lat' dir='ltr'>bellum</span> <span class='ocrx_word' id='word_1_283' title='bbox 2670 3110 2831 3175; x_wconf 87' lang='lat' dir='ltr'>Tre-</span> 
     </span>
     <span class='ocr_line' id='line_1_34' title="bbox 471 3195 2825 3279; baseline -0 -19"><span class='ocrx_word' id='word_1_284' title='bbox 471 3198 737 3260; x_wconf 78' lang='lat' dir='ltr'>virorum</span> <span class='ocrx_word' id='word_1_285' title='bbox 784 3211 843 3260; x_wconf 91' lang='lat' dir='ltr'>et</span> <span class='ocrx_word' id='word_1_286' title='bbox 887 3198 1260 3279; x_wconf 86' lang='lat' dir='ltr'>Ambiorigis</span> <span class='ocrx_word' id='word_1_287' title='bbox 1302 3198 1537 3259; x_wconf 83' lang='lat' dir='ltr'>insistit.</span> <span class='ocrx_word' id='word_1_288' title='bbox 1619 3195 1992 3259; x_wconf 87' lang='lat' dir='ltr'>Cavarinum</span> <span class='ocrx_word' id='word_1_289' title='bbox 2036 3217 2172 3258; x_wconf 88' lang='lat' dir='ltr'>cum</span> <span class='ocrx_word' id='word_1_290' title='bbox 2202 3196 2469 3279; x_wconf 87' lang='lat' dir='ltr'>equitatu</span> <span class='ocrx_word' id='word_1_291' title='bbox 2514 3196 2825 3260; x_wconf 85' lang='lat' dir='ltr'>Senonum</span> 
     </span>
    </p>

    <p class='ocr_par' dir='ltr' id='par_1_7' title="bbox 357 3280 2831 3953">
     <span class='ocr_line' id='line_1_35' title="bbox 392 3280 2829 3426; baseline -0 -81"><span class='ocrx_word' id='word_1_292' title='bbox 392 3288 673 3346; x_wconf 79' lang='lat' dir='ltr'>35secum</span> <span class='ocrx_word' id='word_1_293' title='bbox 703 3283 1006 3366; x_wconf 87' lang='lat' dir='ltr'>proficisci</span> <span class='ocrx_word' id='word_1_294' title='bbox 1022 3283 1217 3362; x_wconf 87' lang='lat' dir='ltr'>jubet,</span> <span class='ocrx_word' id='word_1_295' title='bbox 1239 3301 1314 3344; x_wconf 85' lang='lat' dir='ltr'>ne</span> <span class='ocrx_word' id='word_1_296' title='bbox 1343 3282 1475 3365; x_wconf 89' lang='lat' dir='ltr'>quis</span> <span class='ocrx_word' id='word_1_297' title='bbox 1505 3293 1610 3343; x_wconf 86' lang='lat' dir='ltr'>aut</span> <span class='ocrx_word' id='word_1_298' title='bbox 1636 3302 1713 3343; x_wconf 80' lang='lat' dir='ltr'>ex</span> <span class='ocrx_word' id='word_1_299' title='bbox 1738 3281 1912 3426; x_wconf 55' lang='lat' dir='ltr'>huffls</span> <span class='ocrx_word' id='word_1_300' title='bbox 1941 3280 2274 3357; x_wconf 67' lang='lat' dir='ltr'>iracundis,</span> <span class='ocrx_word' id='word_1_301' title='bbox 2306 3294 2410 3343; x_wconf 90' lang='lat' dir='ltr'>aut</span> <span class='ocrx_word' id='word_1_302' title='bbox 2431 3301 2507 3343; x_wconf 84' lang='lat' dir='ltr'>ex</span> <span class='ocrx_word' id='word_1_303' title='bbox 2537 3302 2630 3358; x_wconf 92' lang='lat' dir='ltr'>eo,</span> <span class='ocrx_word' id='word_1_304' title='bbox 2662 3280 2829 3363; x_wconf 66' lang='lat' dir='ltr'>quod</span> 
     </span>
     <span class='ocr_line' id='line_1_36' title="bbox 470 3364 2831 3449; baseline 0 -21"><span class='ocrx_word' id='word_1_305' title='bbox 470 3380 786 3442; x_wconf 89' lang='lat' dir='ltr'>meruerat,</span> <span class='ocrx_word' id='word_1_306' title='bbox 817 3365 958 3428; x_wconf 91' lang='lat' dir='ltr'>odio</span> <span class='ocrx_word' id='word_1_307' title='bbox 983 3366 1238 3428; x_wconf 85' lang='lat' dir='ltr'>civitatis</span> <span class='ocrx_word' id='word_1_308' title='bbox 1261 3379 1458 3427; x_wconf 89' lang='lat' dir='ltr'>motus</span> <span class='ocrx_word' id='word_1_309' title='bbox 1486 3366 1721 3427; x_wconf 78' lang='lat' dir='ltr'>existat.</span> <span class='ocrx_word' id='word_1_310' title='bbox 1867 3365 1915 3426; x_wconf 80' lang='lat' dir='ltr'>&#39;s</span> <span class='ocrx_word' id='word_1_311' title='bbox 1937 3366 2112 3426; x_wconf 83' lang='lat' dir='ltr'>rebus</span> <span class='ocrx_word' id='word_1_312' title='bbox 2140 3364 2496 3442; x_wconf 77' lang='lat' dir='ltr'>constitutiS,</span> <span class='ocrx_word' id='word_1_313' title='bbox 2523 3366 2684 3448; x_wconf 73' lang='lat' dir='ltr'>quod</span> <span class='ocrx_word' id='word_1_314' title='bbox 2711 3387 2831 3449; x_wconf 89' lang='lat' dir='ltr'>pro</span> 
     </span>
     <span class='ocr_line' id='line_1_37' title="bbox 470 3448 2831 3532; baseline 0 -21"><span class='ocrx_word' id='word_1_315' title='bbox 470 3448 787 3532; x_wconf 80' lang='lat' dir='ltr'>explorato</span> <span class='ocrx_word' id='word_1_316' title='bbox 815 3451 1079 3512; x_wconf 89' lang='lat' dir='ltr'>habebat</span> <span class='ocrx_word' id='word_1_317' title='bbox 1121 3449 1539 3531; x_wconf 82' lang='lat' dir='ltr'>Ambiorigem</span> <span class='ocrx_word' id='word_1_318' title='bbox 1588 3448 1803 3532; x_wconf 89' lang='lat' dir='ltr'>proelio</span> <span class='ocrx_word' id='word_1_319' title='bbox 1850 3470 1969 3511; x_wconf 90' lang='lat' dir='ltr'>non</span> <span class='ocrx_word' id='word_1_320' title='bbox 2008 3470 2134 3510; x_wconf 88' lang='lat' dir='ltr'>esse</span> <span class='ocrx_word' id='word_1_321' title='bbox 2179 3463 2561 3526; x_wconf 80' lang='lat' dir='ltr'>certaturum,</span> <span class='ocrx_word' id='word_1_322' title='bbox 2590 3450 2831 3531; x_wconf 83' lang='lat' dir='ltr'>reliqua</span> 
     </span>
     <span class='ocr_line' id='line_1_38' title="bbox 469 3531 2826 3618; baseline 0 -24"><span class='ocrx_word' id='word_1_323' title='bbox 469 3535 597 3616; x_wconf 88' lang='lat' dir='ltr'>ejus</span> <span class='ocrx_word' id='word_1_324' title='bbox 626 3534 878 3596; x_wconf 88' lang='lat' dir='ltr'>consilia</span> <span class='ocrx_word' id='word_1_325' title='bbox 905 3535 1108 3597; x_wconf 88' lang='lat' dir='ltr'>animo</span> <span class='ocrx_word' id='word_1_326' title='bbox 1137 3536 1393 3595; x_wconf 88' lang='lat' dir='ltr'>circums</span> <span class='ocrx_word' id='word_1_327' title='bbox 1438 3533 1676 3595; x_wconf 88' lang='lat' dir='ltr'>iciebat.</span> <span class='ocrx_word' id='word_1_328' title='bbox 1780 3531 1975 3594; x_wconf 86' lang='lat' dir='ltr'>Erant</span> <span class='ocrx_word' id='word_1_329' title='bbox 1996 3531 2267 3617; x_wconf 89' lang='lat' dir='ltr'>Menapii</span> <span class='ocrx_word' id='word_1_330' title='bbox 2296 3534 2620 3618; x_wconf 87' lang='lat' dir='ltr'>propinqui</span> <span class='ocrx_word' id='word_1_331' title='bbox 2648 3532 2826 3596; x_wconf 87' lang='lat' dir='ltr'>Ebu-</span> 
     </span>
     <span class='ocr_line' id='line_1_39' title="bbox 469 3616 2829 3702; baseline 0 -23"><span class='ocrx_word' id='word_1_332' title='bbox 469 3638 683 3679; x_wconf 90' lang='lat' dir='ltr'>ronum</span> <span class='ocrx_word' id='word_1_333' title='bbox 715 3618 953 3693; x_wconf 82' lang='lat' dir='ltr'>finibus,</span> <span class='ocrx_word' id='word_1_334' title='bbox 983 3619 1283 3702; x_wconf 88' lang='lat' dir='ltr'>perpetuis</span> <span class='ocrx_word' id='word_1_335' title='bbox 1311 3640 1390 3701; x_wconf 90' lang='lat' dir='ltr'>pa</span> <span class='ocrx_word' id='word_1_336' title='bbox 1415 3617 1634 3680; x_wconf 88' lang='lat' dir='ltr'>udibus</span> <span class='ocrx_word' id='word_1_337' title='bbox 1664 3616 1942 3699; x_wconf 83' lang='lat' dir='ltr'>silvisque</span> <span class='ocrx_word' id='word_1_338' title='bbox 1970 3617 2203 3694; x_wconf 91' lang='lat' dir='ltr'>muniti,</span> <span class='ocrx_word' id='word_1_339' title='bbox 2246 3618 2349 3700; x_wconf 89' lang='lat' dir='ltr'>qui</span> <span class='ocrx_word' id='word_1_340' title='bbox 2377 3618 2480 3680; x_wconf 89' lang='lat' dir='ltr'>uni</span> <span class='ocrx_word' id='word_1_341' title='bbox 2510 3639 2586 3679; x_wconf 80' lang='lat' dir='ltr'>ex</span> <span class='ocrx_word' id='word_1_342' title='bbox 2619 3616 2829 3680; x_wconf 68' lang='lat' dir='ltr'>Gallis</span> 
     </span>
     <span class='ocr_line' id='line_1_40' title="bbox 385 3701 2829 3787; baseline -0 -22"><span class='ocrx_word' id='word_1_343' title='bbox 385 3702 545 3765; x_wconf 81' lang='lat' dir='ltr'>4ode</span> <span class='ocrx_word' id='word_1_344' title='bbox 585 3723 736 3787; x_wconf 86' lang='lat' dir='ltr'>pace</span> <span class='ocrx_word' id='word_1_345' title='bbox 766 3703 846 3764; x_wconf 90' lang='lat' dir='ltr'>ad</span> <span class='ocrx_word' id='word_1_346' title='bbox 875 3701 1187 3765; x_wconf 83' lang='lat' dir='ltr'>Caesarem</span> <span class='ocrx_word' id='word_1_347' title='bbox 1215 3702 1447 3783; x_wconf 87' lang='lat' dir='ltr'>legatos</span> <span class='ocrx_word' id='word_1_348' title='bbox 1475 3723 1781 3784; x_wconf 83' lang='lat' dir='ltr'>nunquam</span> <span class='ocrx_word' id='word_1_349' title='bbox 1823 3701 2143 3763; x_wconf 83' lang='lat' dir='ltr'>miserant:</span> <span class='ocrx_word' id='word_1_350' title='bbox 2200 3722 2338 3764; x_wconf 89' lang='lat' dir='ltr'>cum</span> <span class='ocrx_word' id='word_1_351' title='bbox 2367 3702 2440 3763; x_wconf 90' lang='lat' dir='ltr'>iis</span> <span class='ocrx_word' id='word_1_352' title='bbox 2467 3722 2595 3764; x_wconf 84' lang='lat' dir='ltr'>esse</span> <span class='ocrx_word' id='word_1_353' title='bbox 2618 3702 2829 3785; x_wconf 82' lang='lat' dir='ltr'>hospi·</span> 
     </span>
     <span class='ocr_line' id='line_1_41' title="bbox 357 3783 2822 3869; baseline -0 -20"><span class='ocrx_word' id='word_1_354' title='bbox 357 3821 364 3832; x_wconf 89' lang='lat'><strong>·</strong></span> <span class='ocrx_word' id='word_1_355' title='bbox 465 3787 613 3849; x_wconf 87' lang='lat' dir='ltr'>tium</span> <span class='ocrx_word' id='word_1_356' title='bbox 641 3787 985 3868; x_wconf 82' lang='lat' dir='ltr'>Ambiorigi</span> <span class='ocrx_word' id='word_1_357' title='bbox 1033 3787 1287 3849; x_wconf 87' lang='lat' dir='ltr'>sciebat:</span> <span class='ocrx_word' id='word_1_358' title='bbox 1345 3786 1486 3847; x_wconf 89' lang='lat' dir='ltr'>item</span> <span class='ocrx_word' id='word_1_359' title='bbox 1515 3806 1622 3869; x_wconf 89' lang='lat' dir='ltr'>per</span> <span class='ocrx_word' id='word_1_360' title='bbox 1649 3783 1939 3848; x_wconf 86' lang='lat' dir='ltr'>Treviros</span> <span class='ocrx_word' id='word_1_361' title='bbox 1968 3785 2197 3847; x_wconf 89' lang='lat' dir='ltr'>venisse</span> <span class='ocrx_word' id='word_1_362' title='bbox 2228 3784 2547 3848; x_wconf 87' lang='lat' dir='ltr'>Germanis</span> <span class='ocrx_word' id='word_1_363' title='bbox 2574 3786 2639 3848; x_wconf 91' lang='lat' dir='ltr'>in</span> <span class='ocrx_word' id='word_1_364' title='bbox 2667 3787 2822 3848; x_wconf 88' lang='lat' dir='ltr'>ami-</span> 
     </span>
     <span class='ocr_line' id='line_1_42' title="bbox 464 3869 2825 3953; baseline -0.001 -19"><span class='ocrx_word' id='word_1_365' title='bbox 464 3871 667 3934; x_wconf 80' lang='lat' dir='ltr'>citiam</span> <span class='ocrx_word' id='word_1_366' title='bbox 718 3883 1109 3953; x_wconf 86' lang='lat' dir='ltr'>cognoverat.</span> <span class='ocrx_word' id='word_1_367' title='bbox 1197 3869 1354 3932; x_wconf 79' lang='lat' dir='ltr'>Hoec</span> <span class='ocrx_word' id='word_1_368' title='bbox 1402 3869 1571 3953; x_wconf 74' lang='lat' dir='ltr'>prius</span> <span class='ocrx_word' id='word_1_369' title='bbox 1614 3869 1703 3931; x_wconf 88' lang='lat' dir='ltr'>illi</span> <span class='ocrx_word' id='word_1_370' title='bbox 1749 3870 2119 3932; x_wconf 80' lang='lat' dir='ltr'>detrahenda</span> <span class='ocrx_word' id='word_1_371' title='bbox 2158 3870 2389 3932; x_wconf 80' lang='lat' dir='ltr'>auxilia</span> <span class='ocrx_word' id='word_1_372' title='bbox 2415 3870 2825 3946; x_wconf 82' lang='lat' dir='ltr'>existimabat,</span> 
     </span>
    </p>
   </div>
   <div class='ocr_carea' id='block_1_3' title="bbox 439 4033 2815 4108">
    <p class='ocr_par' dir='ltr' id='par_1_8' title="bbox 439 4033 2815 4108">
     <span class='ocr_line' id='line_1_43' title="bbox 439 4033 2815 4108; baseline 0 -27"><span class='ocrx_word' id='word_1_373' title='bbox 439 4037 482 4081; x_wconf 80' lang='lat'>2.</span> <span class='ocrx_word' id='word_1_374' title='bbox 538 4033 864 4108; x_wconf 73' lang='lat' dir='ltr'>obsidibusque</span> <span class='ocrx_word' id='word_1_375' title='bbox 886 4033 943 4081; x_wconf 77' lang='lat' dir='ltr'>de</span> <span class='ocrx_word' id='word_1_376' title='bbox 975 4033 1178 4095; x_wconf 76' lang='lat' dir='ltr'>pecunia</span> <span class='ocrx_word' id='word_1_377' title='bbox 1196 4034 1391 4096; x_wconf 59' lang='lat' dir='ltr'>cavent]</span> <span class='ocrx_word' id='word_1_378' title='bbox 1441 4034 1567 4080; x_wconf 78' lang='lat' dir='ltr'>Cau·</span> <span class='ocrx_word' id='word_1_379' title='bbox 1695 4035 1766 4082; x_wconf 79' lang='lat'>19.</span> <span class='ocrx_word' id='word_1_380' title='bbox 1800 4034 1906 4082; x_wconf 77' lang='lat' dir='ltr'>Hdc</span> <span class='ocrx_word' id='word_1_381' title='bbox 1924 4048 1974 4082; x_wconf 78' lang='lat' dir='ltr'>re</span> <span class='ocrx_word' id='word_1_382' title='bbox 1992 4048 2075 4096; x_wconf 79' lang='lat' dir='ltr'>pro</span> <span class='ocrx_word' id='word_1_383' title='bbox 2094 4039 2310 4097; x_wconf 60' lang='lat' dir='ltr'>aggestu</span> <span class='ocrx_word' id='word_1_384' title='bbox 2336 4033 2683 4096; x_wconf 52' lang='lat' dir='ltr'>pronuntiata]</span> <span class='ocrx_word' id='word_1_385' title='bbox 2720 4034 2815 4082; x_wconf 85' lang='lat' dir='ltr'>Lo-</span> 
     </span>
    </p>
   </div>
   <div class='ocr_carea' id='block_1_4' title="bbox 285 4081 2821 4156">
    <p class='ocr_par' dir='ltr' id='par_1_9' title="bbox 285 4081 2821 4156">
     <span class='ocr_line' id='line_1_44' title="bbox 285 4081 2821 4156; baseline 0.001 -13"><span class='ocrx_word' id='word_1_386' title='bbox 285 4081 296 4087; x_wconf 52' lang='grc'><strong>’</strong></span> <span class='ocrx_word' id='word_1_387' title='bbox 377 4105 475 4143; x_wconf 87' lang='lat' dir='ltr'>tum</span> <span class='ocrx_word' id='word_1_388' title='bbox 497 4097 624 4144; x_wconf 87' lang='lat' dir='ltr'>enim</span> <span class='ocrx_word' id='word_1_389' title='bbox 648 4096 936 4156; x_wconf 73' lang='lat' dir='ltr'>intelligitur,</span> <span class='ocrx_word' id='word_1_390' title='bbox 958 4097 1055 4142; x_wconf 79' lang='lat' dir='ltr'>sive</span> <span class='ocrx_word' id='word_1_391' title='bbox 1075 4096 1288 4154; x_wconf 85' lang='lat' dir='ltr'>personis</span> <span class='ocrx_word' id='word_1_392' title='bbox 1310 4098 1406 4142; x_wconf 85' lang='lat' dir='ltr'>sive</span> <span class='ocrx_word' id='word_1_393' title='bbox 1428 4097 1567 4142; x_wconf 84' lang='lat' dir='ltr'>rebus</span> <span class='ocrx_word' id='word_1_394' title='bbox 1630 4110 1713 4142; x_wconf 86' lang='lat' dir='ltr'>cus</span> <span class='ocrx_word' id='word_1_395' title='bbox 1750 4105 1823 4143; x_wconf 88' lang='lat' dir='ltr'>est</span> <span class='ocrx_word' id='word_1_396' title='bbox 1857 4096 2103 4154; x_wconf 80' lang='lat' dir='ltr'>excelsior,</span> <span class='ocrx_word' id='word_1_397' title='bbox 2138 4097 2263 4143; x_wconf 81' lang='lat' dir='ltr'>unde</span> <span class='ocrx_word' id='word_1_398' title='bbox 2296 4096 2449 4143; x_wconf 87' lang='lat' dir='ltr'>oratio</span> <span class='ocrx_word' id='word_1_399' title='bbox 2470 4096 2734 4143; x_wconf 78' lang='lat' dir='ltr'>habebatur</span> <span class='ocrx_word' id='word_1_400' title='bbox 2755 4097 2821 4145; x_wconf 76' lang='lat' dir='ltr'>ad</span> 
     </span>
    </p>
   </div>
   <div class='ocr_carea' id='block_1_5' title="bbox 365 4156 2822 4704">
    <p class='ocr_par' dir='ltr' id='par_1_10' title="bbox 377 4156 2818 4233">
     <span class='ocr_line' id='line_1_45' title="bbox 377 4156 2818 4233; baseline -0 -28"><span class='ocrx_word' id='word_1_401' title='bbox 377 4167 565 4205; x_wconf 70' lang='lat' dir='ltr'>munim</span> <span class='ocrx_word' id='word_1_402' title='bbox 589 4159 666 4216; x_wconf 86' lang='lat' dir='ltr'>sit,</span> <span class='ocrx_word' id='word_1_403' title='bbox 701 4166 752 4204; x_wconf 88' lang='lat' dir='ltr'>ut</span> <span class='ocrx_word' id='word_1_404' title='bbox 784 4158 834 4204; x_wconf 87' lang='lat' dir='ltr'>in</span> <span class='ocrx_word' id='word_1_405' title='bbox 864 4157 944 4204; x_wconf 87' lang='lat' dir='ltr'>lib.</span> <span class='ocrx_word' id='word_1_406' title='bbox 980 4157 1041 4203; x_wconf 88' lang='lat' dir='ltr'>de</span> <span class='ocrx_word' id='word_1_407' title='bbox 1059 4159 1309 4204; x_wconf 81' lang='lat' dir='ltr'>verborum</span> <span class='ocrx_word' id='word_1_408' title='bbox 1332 4156 1567 4218; x_wconf 83' lang='lat' dir='ltr'>significa·</span> <span class='ocrx_word' id='word_1_409' title='bbox 1629 4157 1951 4216; x_wconf 80' lang='lat' dir='ltr'>populum,sic</span> <span class='ocrx_word' id='word_1_410' title='bbox 1967 4157 2313 4216; x_wconf 71' lang='lat' dir='ltr'>dictm,quods</span> <span class='ocrx_word' id='word_1_411' title='bbox 2410 4166 2656 4204; x_wconf 87' lang='lat' dir='ltr'>erereutur</span> <span class='ocrx_word' id='word_1_412' title='bbox 2670 4158 2818 4233; x_wconf 70' lang='lat' dir='ltr'>ligna.</span> 
     </span>
    </p>

    <p class='ocr_par' dir='ltr' id='par_1_11' title="bbox 377 4218 2822 4344">
     <span class='ocr_line' id='line_1_46' title="bbox 377 4218 2822 4328; baseline 0 -64"><span class='ocrx_word' id='word_1_413' title='bbox 377 4219 504 4266; x_wconf 82' lang='lat' dir='ltr'>tione</span> <span class='ocrx_word' id='word_1_414' title='bbox 525 4221 710 4280; x_wconf 78' lang='lat' dir='ltr'>legitur.</span> <span class='ocrx_word' id='word_1_415' title='bbox 1688 4220 1764 4265; x_wconf 78' lang='lat'>25.</span> <span class='ocrx_word' id='word_1_416' title='bbox 1811 4218 2103 4281; x_wconf 72' lang='lat' dir='ltr'>Deprecmtds&#39;</span> <span class='ocrx_word' id='word_1_417' title='bbox 2141 4219 2351 4328; x_wconf 37' lang='lat' dir='ltr'>munda</span> <span class='ocrx_word' id='word_1_418' title='bbox 2428 4220 2589 4266; x_wconf 83' lang='lat' dir='ltr'>encub‘</span> <span class='ocrx_word' id='word_1_419' title='bbox 2577 4220 2587 4231; x_wconf 87' lang='lat'><strong>‘</strong></span> <span class='ocrx_word' id='word_1_420' title='bbox 2626 4219 2822 4266; x_wconf 75' lang='lat' dir='ltr'>scilieet.</span> 
     </span>
     <span class='ocr_line' id='line_1_47' title="bbox 436 4279 2821 4344; baseline 0.001 -19"><span class='ocrx_word' id='word_1_421' title='bbox 436 4282 480 4326; x_wconf 82' lang='lat'>4.</span> <span class='ocrx_word' id='word_1_422' title='bbox 526 4280 772 4344; x_wconf 66' lang='lat' dir='ltr'>thmetn&#39;s</span> <span class='ocrx_word' id='word_1_423' title='bbox 804 4279 1081 4329; x_wconf 59' lang='lat' dir='ltr'>drumm</span> <span class='ocrx_word' id='word_1_424' title='bbox 1130 4279 1340 4328; x_wconf 73' lang='lat' dir='ltr'>omnibus</span> <span class='ocrx_word' id='word_1_425' title='bbox 1374 4279 1566 4328; x_wconf 77' lang='lat' dir='ltr'>Germa-</span> <span class='ocrx_word' id='word_1_426' title='bbox 1627 4281 1718 4327; x_wconf 84' lang='lat' dir='ltr'>Est</span> <span class='ocrx_word' id='word_1_427' title='bbox 1737 4280 1864 4327; x_wconf 85' lang='lat' dir='ltr'>enim</span> <span class='ocrx_word' id='word_1_428' title='bbox 1899 4281 2144 4340; x_wconf 79' lang='lat' dir='ltr'>deprecari</span> <span class='ocrx_word' id='word_1_429' title='bbox 2185 4280 2291 4327; x_wconf 80' lang='lat' dir='ltr'>Lati</span> <span class='ocrx_word' id='word_1_430' title='bbox 2386 4281 2574 4340; x_wconf 81' lang='lat' dir='ltr'>precari</span> <span class='ocrx_word' id='word_1_431' title='bbox 2608 4295 2670 4328; x_wconf 83' lang='lat' dir='ltr'>ne</span> <span class='ocrx_word' id='word_1_432' title='bbox 2704 4281 2821 4340; x_wconf 83' lang='lat' dir='ltr'>quid</span> 
     </span>
    </p>

    <p class='ocr_par' dir='ltr' id='par_1_12' title="bbox 375 4337 2459 4402">
     <span class='ocr_line' id='line_1_48' title="bbox 375 4337 2459 4402; baseline 0.002 -18"><span class='ocrx_word' id='word_1_433' title='bbox 375 4337 482 4401; x_wconf 59' lang='lat' dir='ltr'>nim]</span> <span class='ocrx_word' id='word_1_434' title='bbox 517 4342 585 4388; x_wconf 86' lang='lat' dir='ltr'>Hi</span> <span class='ocrx_word' id='word_1_435' title='bbox 621 4352 747 4399; x_wconf 85' lang='lat' dir='ltr'>sunt,</span> <span class='ocrx_word' id='word_1_436' title='bbox 776 4350 829 4389; x_wconf 85' lang='lat' dir='ltr'>ut</span> <span class='ocrx_word' id='word_1_437' title='bbox 863 4340 892 4390; x_wconf 64' lang='grc' dir='ltr'><strong>ὲ</strong></span> <span class='ocrx_word' id='word_1_438' title='bbox 927 4342 1083 4389; x_wconf 83' lang='lat' dir='ltr'>Plinio</span> <span class='ocrx_word' id='word_1_439' title='bbox 1118 4351 1432 4399; x_wconf 84' lang='lat' dir='ltr'>recensentur,</span> <span class='ocrx_word' id='word_1_440' title='bbox 1469 4342 1563 4389; x_wconf 86' lang='lat' dir='ltr'>Ne·</span> <span class='ocrx_word' id='word_1_441' title='bbox 1626 4342 1737 4388; x_wconf 82' lang='lat' dir='ltr'>mali</span> <span class='ocrx_word' id='word_1_442' title='bbox 1761 4342 1961 4398; x_wconf 79' lang='lat' dir='ltr'>accidat,</span> <span class='ocrx_word' id='word_1_443' title='bbox 1982 4351 2035 4389; x_wconf 91' lang='lat' dir='ltr'>ut</span> <span class='ocrx_word' id='word_1_444' title='bbox 2049 4341 2157 4402; x_wconf 75' lang='lat' dir='ltr'>Jam</span> <span class='ocrx_word' id='word_1_445' title='bbox 2180 4342 2459 4389; x_wconf 81' lang='lat' dir='ltr'>monuimus.</span> 
     </span>
    </p>

    <p class='ocr_par' dir='ltr' id='par_1_13' title="bbox 375 4402 2822 4588">
     <span class='ocr_line' id='line_1_49' title="bbox 375 4402 2821 4467; baseline 0.001 -22"><span class='ocrx_word' id='word_1_446' title='bbox 375 4408 541 4455; x_wconf 79' lang='lat' dir='ltr'>metes,</span> <span class='ocrx_word' id='word_1_447' title='bbox 560 4403 795 4458; x_wconf 83' lang='lat' dir='ltr'>Tribocci,</span> <span class='ocrx_word' id='word_1_448' title='bbox 810 4405 937 4460; x_wconf 84' lang='lat' dir='ltr'>Ubii,</span> <span class='ocrx_word' id='word_1_449' title='bbox 953 4403 1136 4451; x_wconf 81' lang='lat' dir='ltr'>Batavi.</span> <span class='ocrx_word' id='word_1_450' title='bbox 1686 4405 1763 4450; x_wconf 75' lang='lat'>26.</span> <span class='ocrx_word' id='word_1_451' title='bbox 1801 4404 2005 4463; x_wconf 78' lang='lat' dir='ltr'>Quorum</span> <span class='ocrx_word' id='word_1_452' title='bbox 2026 4403 2281 4466; x_wconf 69' lang='lat' dir='ltr'>antiquina</span> <span class='ocrx_word' id='word_1_453' title='bbox 2311 4409 2407 4452; x_wconf 73' lang='lat' dir='ltr'>erut</span> <span class='ocrx_word' id='word_1_454' title='bbox 2428 4402 2480 4452; x_wconf 76' lang='lat' dir='ltr'>in</span> <span class='ocrx_word' id='word_1_455' title='bbox 2494 4402 2601 4467; x_wconf 75' lang='lat' dir='ltr'>fide</span> <span class='ocrx_word' id='word_1_456' title='bbox 2620 4402 2821 4465; x_wconf 61' lang='lat' dir='ltr'>einim]</span> 
     </span>
     <span class='ocr_line' id='line_1_50' title="bbox 441 4460 2822 4527; baseline 0 -18"><span class='ocrx_word' id='word_1_457' title='bbox 441 4460 511 4505; x_wconf 83' lang='lat'>15-</span> <span class='ocrx_word' id='word_1_458' title='bbox 547 4461 755 4519; x_wconf 68' lang='lat' dir='ltr'>Semta,</span> <span class='ocrx_word' id='word_1_459' title='bbox 777 4465 885 4527; x_wconf 75' lang='lat' dir='ltr'>&amp;c.]</span> <span class='ocrx_word' id='word_1_460' title='bbox 920 4466 993 4512; x_wconf 87' lang='lat' dir='ltr'>De</span> <span class='ocrx_word' id='word_1_461' title='bbox 1009 4466 1179 4525; x_wconf 82' lang='lat' dir='ltr'>quibus</span> <span class='ocrx_word' id='word_1_462' title='bbox 1202 4478 1357 4523; x_wconf 82' lang='lat' dir='ltr'>supra.</span> <span class='ocrx_word' id='word_1_463' title='bbox 1624 4465 1833 4517; x_wconf 73' lang='lat' dir='ltr'>Quorum</span> <span class='ocrx_word' id='word_1_464' title='bbox 1861 4473 2022 4523; x_wconf 77' lang='lat' dir='ltr'>partes</span> <span class='ocrx_word' id='word_1_465' title='bbox 2043 4466 2207 4512; x_wconf 81' lang='lat' dir='ltr'>civitas</span> <span class='ocrx_word' id='word_1_466' title='bbox 2244 4465 2489 4512; x_wconf 76' lang='lat' dir='ltr'>Senonum·</span> <span class='ocrx_word' id='word_1_467' title='bbox 2525 4468 2587 4511; x_wconf 81' lang='lat' dir='ltr'>ab</span> <span class='ocrx_word' id='word_1_468' title='bbox 2621 4465 2822 4523; x_wconf 78' lang='lat' dir='ltr'>antiquo</span> 
     </span>
     <span class='ocr_line' id='line_1_51' title="bbox 409 4519 2819 4588; baseline 0.002 -22"><span class='ocrx_word' id='word_1_469' title='bbox 409 4577 420 4587; x_wconf 49' lang='grc'><strong><em>·</em></strong></span> <span class='ocrx_word' id='word_1_470' title='bbox 439 4519 511 4588; x_wconf 63' lang='lat'>3⁷.</span> <span class='ocrx_word' id='word_1_471' title='bbox 543 4519 770 4570; x_wconf 64' lang='lat' dir='ltr'>lanariam</span> <span class='ocrx_word' id='word_1_472' title='bbox 795 4525 1113 4588; x_wconf 60' lang='lat' dir='ltr'>Parisiorum]</span> <span class='ocrx_word' id='word_1_473' title='bbox 1147 4527 1336 4574; x_wconf 79' lang='lat' dir='ltr'>Lutetia</span> <span class='ocrx_word' id='word_1_474' title='bbox 1349 4529 1461 4573; x_wconf 86' lang='lat' dir='ltr'>urbs</span> <span class='ocrx_word' id='word_1_475' title='bbox 1478 4541 1561 4573; x_wconf 91' lang='lat' dir='ltr'>no·</span> <span class='ocrx_word' id='word_1_476' title='bbox 1622 4528 1916 4583; x_wconf 83' lang='lat' dir='ltr'>sequebatur.</span> <span class='ocrx_word' id='word_1_477' title='bbox 1976 4525 2249 4573; x_wconf 82' lang='lat' dir='ltr'>Patrocinia</span> <span class='ocrx_word' id='word_1_478' title='bbox 2260 4528 2594 4585; x_wconf 84' lang='lat' dir='ltr'>clientelasque</span> <span class='ocrx_word' id='word_1_479' title='bbox 2608 4526 2819 4585; x_wconf 70' lang='lat' dir='ltr'>privatas</span> 
     </span>
    </p>

    <p class='ocr_par' dir='ltr' id='par_1_14' title="bbox 365 4573 2818 4696">
     <span class='ocr_line' id='line_1_52' title="bbox 365 4573 2818 4696; baseline 0.005 -73"><span class='ocrx_word' id='word_1_480' title='bbox 365 4573 677 4684; x_wconf 40' lang='lat' dir='ltr'>{damiane</span> <span class='ocrx_word' id='word_1_481' title='bbox 717 4587 1006 4644; x_wconf 82' lang='lat' dir='ltr'>metropolis,</span> <span class='ocrx_word' id='word_1_482' title='bbox 1042 4602 1190 4646; x_wconf 83' lang='lat' dir='ltr'>quam</span> <span class='ocrx_word' id='word_1_483' title='bbox 1229 4588 1450 4646; x_wconf 79' lang='lat' dir='ltr'>Sequana</span> <span class='ocrx_word' id='word_1_484' title='bbox 1489 4589 1561 4634; x_wconf 81' lang='lat' dir='ltr'>in·</span> <span class='ocrx_word' id='word_1_485' title='bbox 1621 4586 1927 4692; x_wconf 56' lang='grc' dir='ltr'>ἓὲἱυὼαιιῳτ</span> <span class='ocrx_word' id='word_1_486' title='bbox 1945 4588 2019 4696; x_wconf 59' lang='lat' dir='ltr'>gae</span> <span class='ocrx_word' id='word_1_487' title='bbox 2035 4587 2237 4645; x_wconf 68' lang='lat' dir='ltr'>publice</span> <span class='ocrx_word' id='word_1_488' title='bbox 2255 4588 2520 4645; x_wconf 50' lang='lat' dir='ltr'>clientelam</span> <span class='ocrx_word' id='word_1_489' title='bbox 2550 4596 2599 4635; x_wconf 83' lang='lat' dir='ltr'>et</span> <span class='ocrx_word' id='word_1_490' title='bbox 2615 4586 2818 4636; x_wconf 72' lang='lat' dir='ltr'>eruntln</span> 
     </span>
    </p>

    <p class='ocr_par' dir='ltr' id='par_1_15' title="bbox 1687 4649 2135 4704">
     <span class='ocr_line' id='line_1_53' title="bbox 1687 4649 2135 4704; baseline -0.002 -11"><span class='ocrx_word' id='word_1_491' title='bbox 1687 4661 1729 4704; x_wconf 86' lang='lat' dir='ltr'>e,</span> <span class='ocrx_word' id='word_1_492' title='bbox 1750 4661 1845 4694; x_wconf 86' lang='lat' dir='ltr'>non</span> <span class='ocrx_word' id='word_1_493' title='bbox 1869 4663 1917 4694; x_wconf 84' lang='lat' dir='ltr'>m</span> <span class='ocrx_word' id='word_1_494' title='bbox 1980 4649 2135 4695; x_wconf 68' lang='lat' dir='ltr'>itione.</span> 
     </span>
    </p>
   </div>
  </div>
 </body>
</html>
