3059 5050
843 344 971 409 DE
1015 341 1322 409 BELLO
1366 342 1717 407 HISPAN.
1763 343 2063 412 LIBER.
2565 356 2692 418 383

308 494 556 562 XXIX.
602 494 901 558 Planities
945 494 1100 556 inter
1144 507 1399 576 utraque
1443 505 1645 555 castra
1690 492 2103 559 intercedebat
2147 495 2386 560 circiter
2415 498 2609 564 millia

219 605 510 670 passuum
541 603 601 643 v.
633 594 701 643 ut
748 580 982 642 auxilia
1026 578 1309 663 Pompeii
1357 579 1593 641 duabus
1640 578 2098 643 defenderentur
2146 585 2344 660 rebus,
2394 586 2607 668 oppidi

219 669 471 745 excelsi,
501 680 562 729 et
590 666 711 728 loci
739 665 976 727 natura.
1064 663 1231 727 Hinc
1273 663 1542 746 dirigens
1589 667 1871 747 proxima
1901 664 2178 748 planities
2208 672 2606 750 sequabatur:

221 756 399 837 cujus
430 754 751 816 decursum
799 751 1191 812 antecedebat
1218 750 1400 825 rivus,
1434 749 1536 831 qui
1587 750 1664 811 ad
1717 771 1926 812 eorum
1974 771 2280 814 accessum
2311 775 2607 817 summam

222 840 530 902 efficiebat
556 836 677 900 loci
707 836 1103 918 iniquitatem.
1191 833 1354 896 Nam
1385 834 1639 918 palustri
1669 847 1729 897 et
1756 835 2128 918 voraginoso
2158 837 2288 900 solo
2329 843 2609 903 currebat
2652 845 2692 904 5

226 924 309 986 ad
341 924 619 987 dextram
649 936 920 1006 partem:
962 934 1021 981 et
1068 917 1304 995 Caesar,
1351 940 1540 1001 quum
1589 920 1781 982 aciem
1831 921 2122 984 directam
2169 922 2434 1002 vidisset,
2483 947 2608 989 non

227 1008 443 1071 habuit
470 1007 739 1083 dubium,
771 1005 914 1088 quin
946 1005 1146 1067 media
1171 1003 1422 1088 planitie
1464 1004 1527 1066 in
1559 1024 1804 1088 aequum
1834 1007 1915 1069 ad
1944 1007 2356 1072 dimicandum
2390 1011 2611 1073 adver·

232 1094 375 1156 sarii
407 1093 815 1176 procederent.
904 1088 1045 1151 Hoc
1068 1089 1285 1152 eratin
1315 1091 1588 1152 omnium
1617 1105 1968 1175 conspectu.
2042 1106 2069 1138 ⁸
2089 1091 2231 1156 Huc
2261 1097 2609 1174 accedebat,

230 1194 301 1241 ut
328 1178 497 1240 locus
526 1176 627 1238 ills
655 1175 903 1260 planitie
932 1175 1265 1257 equitatum
1295 1188 1558 1251 ornaret,
1597 1189 1657 1238 et
1702 1176 1820 1239 diei
1871 1177 2131 1261 solisque
2177 1181 2500 1243 serenitas:
2546 1195 2613 1244 ut

226 1263 551 1325 mirificum
580 1279 639 1323 et
667 1261 1004 1343 optandum
1035 1274 1271 1345 tempus
1300 1260 1493 1344 prope
1519 1263 1599 1323 ab
1624 1260 1763 1324 Diis
1788 1262 2226 1327 immortalibus
2251 1265 2398 1328 illud
2424 1266 2697 1331 tribu-10

230 1361 355 1410 tum
387 1361 540 1409 esset
567 1347 649 1410 ad
693 1344 991 1430 proelium„
1024 1345 1541 1409 committendum.
1631 1345 1842 1410 Nostri
1881 1348 2098 1426 laetari,
2128 1351 2400 1413 nonnulli
2431 1356 2613 1414 etiam

228 1432 457 1509 timere,
490 1431 655 1514 quod
689 1433 752 1493 in
782 1452 920 1493 eum
950 1430 1152 1492 locum
1186 1452 1278 1493 res
1309 1429 1688 1515 fortunaeque
1732 1434 2002 1496 omnium
2039 1435 2496 1512 deducerentur,
2528 1450 2614 1516 ut,

227 1518 527 1600 quidquid
557 1530 699 1601 post
726 1517 937 1578 horam
969 1537 1144 1578 casus
1169 1517 1489 1594 tribuisset,
1520 1517 1583 1579 in
1609 1519 1796 1580 dubio
1821 1536 2161 1603 poneretur.
2234 1520 2449 1605 Itaque
2473 1543 2615 1585 nos-

224 1604 306 1665 tri
353 1604 434 1666 ad
483 1601 897 1664 dimicandum
946 1602 1320 1685 procedunt:
1369 1602 1431 1663 id
1478 1603 1643 1685 quod
1693 1604 2069 1667 adversarios
2120 1607 2614 1670 existimabamus

228 1710 359 1750 esse
390 1688 677 1750 facturoS.
771 1685 896 1768 Qui
930 1703 1125 1749 tamen
1159 1687 1196 1748 a
1226 1688 1559 1749 munitione
1588 1688 1799 1772 oppidi
1850 1689 2011 1752 mille
2058 1692 2328 1775 passibus
2370 1693 2695 1775 longiusl5

233 1795 359 1836 non
391 1773 697 1835 audebant
724 1772 1087 1856 procedere3
1146 1773 1207 1834 in
1238 1794 1362 1854 quo
1392 1774 1506 1834 sibi
1538 1775 1734 1858 prope
1766 1795 2002 1837 murum
2035 1777 2362 1841 adversarii
2394 1781 2617 1840 consti-

232 1860 505 1921 tuebant.
576 1856 790 1941 Itaque
813 1857 998 1919 nostri
1028 1858 1386 1941 procedunt.
1460 1857 1774 1922 Interdum
1801 1861 2057 1943 aeqnitas
2087 1861 2206 1924 loci
2237 1863 2616 1926 adversarios

233 1945 264 1991 b
294 1944 689 2026 efflagitabat,
734 1956 799 2005 ut
844 1942 950 2005 tali
997 1943 1345 2007 conditione
1373 1945 1805 2007 contenderent
1851 1945 1930 2008 ad
1974 1947 2311 2011 victoriam.
2399 1946 2617 2031 Neque

234 2043 437 2093 tamen
471 2028 557 2090 illi
588 2028 625 2090 a
655 2027 763 2091 sua
789 2029 1224 2091 consuetudine
1268 2029 1681 2115 discedebant,
1713 2043 1781 2093 ut
1809 2046 1913 2092 aut
1943 2032 2022 2093 ab
2050 2032 2292 2095 excelso
2322 2032 2482 2111 loc0,
2515 2048 2617 2097 aut

235 2116 316 2178 ab
365 2113 614 2199 oppido,
663 2113 1055 2176 discederent.
1144 2112 1355 2176 Nostri
1404 2115 1559 2198 pede
1605 2136 1845 2199 pressus
1892 2108 2141 2201 propius
2189 2119 2380 2182 rivum
2432 2124 2702 2201 quum20

235 2222 316 2284 ap
363 2221 431 2261 ro
477 2198 839 2282 inqufissent,
871 2199 1198 2262 adversarii
1231 2216 1257 2242 ι·
1282 2201 1652 2283 patrocinari
1683 2201 1821 2265 loco
1851 2201 2061 2284 iniquo
2086 2223 2209 2265 non
2234 2204 2531 2267 desinunt.

516 2331 533 2346 .
576 2283 736 2347 Erat
766 2285 925 2347 acies
954 2305 1096 2347 xm.
1131 2286 1349 2368 aquilis
1373 2287 1719 2363 constituta,
1751 2308 1891 2370 quae
1921 2287 2207 2351 lateribus
2230 2291 2500 2372 equitatu
2530 2306 2617 2352 te-

232 2372 511 2453 gebatur,
541 2392 679 2433 cum
710 2369 830 2432 levi
862 2371 1170 2432 armatura
1200 2370 1465 2433 millibus
1492 2394 1582 2434 vt.
1671 2371 1984 2436 Praeterea
2013 2373 2337 2437 auxiliares
2367 2377 2616 2438 accede-

229 2458 384 2518 bant
420 2454 613 2541 prope
660 2454 913 2518 alterum
961 2470 1215 2519 tantum.
1303 2455 1534 2519 Nostra
1588 2459 1875 2543 proesidia
1919 2479 2097 2521 mx.
2143 2460 2514 2539 cohortibus,
2560 2473 2621 2524 et

232 2564 380 2605 vm.
415 2541 674 2604 millibus
704 2542 993 2624 equitum.
1083 2541 1198 2619 Ita,
1245 2564 1431 2625 quum
1464 2545 1525 2606 iu
1556 2545 1828 2608 extrema
1855 2545 2103 2629 planitie
2133 2546 2404 2629 iniquum
2436 2547 2498 2610 in
2527 2547 2701 2611 10-25

234 2648 375 2690 cum
407 2626 594 2690 nostri
626 2627 1230 2711 appropinquassent,
1263 2644 1509 2712 paratus
1540 2630 1725 2692 hostis
1761 2644 1893 2693 erat
1937 2631 2229 2713 superior,
2277 2644 2344 2694 ut
2390 2647 2619 2696 transe-

232 2712 385 2775 undi
415 2714 684 2797 superius
726 2713 839 2775 iter
868 2714 1252 2776 vehementer
1279 2728 1431 2776 esset
1458 2715 1883 2799 periculosum.
1973 2715 2161 2844 {uod
2186 2739 2370 2799 quum
2404 2718 2441 2780 a
2470 2717 2619 2782 Cae-

229 2820 369 2861 sare
397 2813 551 2862 esset
579 2798 1087 2876 animadversum,
1118 2820 1192 2861 ne
1222 2800 1365 2881 quid
1398 2802 1623 2863 temere
1649 2801 1831 2885 culpa
1860 2801 1970 2864 sua
2049 2803 2309 2885 -sequius
2340 2805 2618 2867 admitte-

228 2898 417 2961 retur,
442 2905 581 2947 eum
612 2883 813 2947 locum
839 2884 1092 2946 definire
1121 2885 1326 2968 coepit.
1416 2885 1605 2968 Quod
1634 2907 1821 2968 quum
1848 2887 2158 2949 bominum
2190 2888 2439 2950 auribus
2467 2904 2620 2952 esset

230 2971 562 3052 objectum,
594 2969 844 3033 moleste
870 2984 932 3033 et
960 2970 1179 3032 acerbe
1211 2970 1596 3053 accipiebant
1626 2993 1688 3032 se
1717 2971 2020 3069 impediri,
2050 2993 2173 3053 quo
2220 2973 2419 3034 minus
2455 2978 2703 3056 prm-30

229 3055 384 3118 lium
416 3055 716 3117 conficere
747 3068 1009 3138 possent.
1096 3053 1256 3134 Haec
1304 3076 1478 3118 mora
1523 3056 1903 3118 adversarios
1950 3055 2274 3118 alacriores
2303 3055 2619 3136 efficiebat,

234 3138 511 3202 Caesaris
539 3140 750 3225 copias
781 3140 993 3203 timore
1023 3140 1303 3225 impediri
1351 3140 1429 3203 ad
1477 3140 1974 3203 committendum
2022 3139 2326 3225 proelium.
2415 3139 2511 3203 Ita
2555 3163 2620 3204 se

233 3224 546 3288 efferentes
578 3225 785 3308 iniquo
815 3224 952 3288 loco
982 3227 1073 3288 sui
1105 3240 1458 3310 potestatem
1493 3225 1815 3301 faciebant,
1847 3238 1912 3287 nt
1958 3247 2187 3307 magno
2229 3238 2430 3289 tamen
2458 3227 2622 3311 peri-

230 3309 381 3373 culo
427 3332 703 3373 accessus
747 3332 957 3374 eorum
1005 3313 1346 3374 baberetur.
1434 3308 1558 3374 Hie
1607 3310 1952 3374 Decumani
1994 3332 2167 3373 suum
2198 3310 2397 3374 locum
2429 3333 2620 3375 cornu

229 3396 520 3458 dextrum
552 3397 855 3474 tenebant,
881 3397 1185 3460 sinistrum
1220 3419 1321 3461 ιιι.
1351 3411 1412 3461 et
1439 3419 1499 3460 v.
1531 3396 1714 3482 legio,
1746 3396 2008 3480 itemque
2036 3408 2261 3460 caetera
2286 3397 2534 3477 auxilia,
2564 3401 2705 3462 et35

228 3482 556 3563 equitatus,

324 3563 570 3630 XXXI.
618 3565 914 3630 Proelium
940 3567 1208 3630 clamore
1236 3567 1398 3631 facto
1426 3568 1839 3631 committitur.
1928 3566 2051 3631 Hic
2099 3569 2206 3632 etsi
2237 3570 2453 3634 virtute
2481 3591 2624 3634 nos-

232 3648 318 3713 tri
366 3654 744 3731 antecebant,
793 3654 1123 3716 adversarii
1167 3654 1307 3715 loco
1351 3655 1660 3737 superiore
1704 3653 2178 3720 defendebantur
2219 3656 2535 3732 acerrime,
2565 3669 2627 3718 et

231 3736 559 3799 vehemens
584 3738 770 3801 fiebat
798 3741 878 3801 ab
909 3740 1176 3821 utrisque
1199 3739 1451 3816 clamor,
1477 3739 1853 3822 telorumque
1877 3739 2110 3817 missus,
2141 3762 2490 3818 concursuS,
2517 3741 2624 3817 sic,

232 3838 308 3883 nt
337 3823 530 3906 prope
563 3823 749 3886 nostri
782 3823 1123 3887 diffiderent
1149 3825 1443 3888 victoriae.
1518 3823 1904 3907 congressus
1934 3827 2094 3888 enim
2124 3838 2185 3888 et
2212 3826 2465 3904 clamor,
2492 3826 2712 3908 qui-40

231 3908 353 3971 bus
377 3910 555 3970 rebus
581 3909 849 3972 maxime
876 3910 1074 3973 hostes
1099 3923 1534 3987 conterremur,
1559 3910 1623 3971 in
1648 3908 1875 3974 collatu
1901 3912 2034 3997 pari
2060 3925 2232 3975 erant
2254 3911 2626 3975 conditione.

302 4087 333 4120 a
359 4073 591 4122 Praeterea
613 4074 738 4122 locus
754 4074 957 4140 jtwabat
976 4075 1065 4125 ina
1078 4076 1281 4141 planitie
1303 4075 1574 4140 eqidtalum.
1759 4077 1793 4123 b
1810 4074 2115 4126 Bariobali&-
2363 4091 2393 4125 c
2412 4076 2525 4125 Νοιι
2544 4079 2716 4123 m!

231 4135 363 4184 tueri
377 4136 597 4200 iniquum
618 4136 785 4186 locum.
971 4141 1006 4186 d
1028 4140 1297 4203 Perpau-am.

299 4274 346 4323 ’1.
361 4272 665 4336 ,aaz-matt]
702 4275 1101 4323 Adversariorum
1122 4276 1316 4323 nomine
1338 4276 1448 4323 hos·
1510 4275 1592 4324 ani
1610 4278 1706 4323 duo
1722 4277 1923 4324 habeat:
1961 4275 2021 4324 Ut
2046 4272 2381 4324 truncandum
2400 4269 2610 4334 asperim
2629 4271 2714 4318 iter

233 4347 312 4383 tes
335 4335 594 4384 modestius
616 4339 850 4397 appellat,
864 4338 980 4398 quia
1000 4340 1127 4385 cives
1142 4338 1365 4385 Romani.
1509 4344 1618 4387 essee
1642 4338 1967 4402 periculosum.

299 4400 380 4444 22.
412 4400 530 4446 Erat
552 4398 673 4447 acies
693 4415 807 4448 xm.
840 4399 1012 4464 aquilis
1046 4401 1324 4462 emmaum]
1390 4401 1448 4447 Id
1570 4403 1648 4448 29.
1683 4402 1810 4451 Eum
1846 4401 1999 4449 locum
2031 4396 2229 4465 definire
2261 4394 2434 4460 cepit-1
2498 4395 2575 4442 Ne
2610 4395 2716 4456 quin

234 4474 327 4517 est,
350 4461 547 4508 totidem
582 4461 868 4524 legionibus,
904 4477 995 4511 sua
1026 4463 1155 4511 enim
1193 4463 1447 4524 uuicuique
1509 4465 1637 4511 ultra
1667 4472 1905 4525 pergeret.

233 4522 417 4585 Ῑθὲῗῡηί
439 4535 545 4572 ‘³¹³²
566 4525 743 4584 ¹²quila.
1571 4527 1649 4574 34.
1684 4527 1832 4573 Suum
1856 4524 2008 4573 locum
2028 4537 2171 4572 cornu
2198 4519 2453 4592 dextrum]
2497 4520 2589 4574 Qui
2611 4529 2717 4567 tan·

298 4586 377 4632 24.
398 4585 570 4634 Nostra
587 4586 810 4649 praxridt‘a
826 4601 966 4635 Lux.
989 4586 1262 4644 cohortibus,
1276 4593 1319 4636 ei
1334 4602 1444 4637 vm.
1506 4602 1654 4647 quam
1675 4587 2068 4635 honorificentior
2090 4585 2207 4645 ipsis
2229 4585 2336 4631 dar·
2359 4584 2562 4631 solebat.

233 4647 442 4696 millibus
463 4649 706 4712 equilum]
762 4650 1083 4699 Constabant.
1180 4686 1193 4706 2
1569 4653 1648 4698 40.
1672 4650 1730 4697 Ut
1747 4647 1894 4712 prope!
1911 4649 2054 4697 nostri
2068 4646 2325 4711 diffiderent
2346 4645 2585 4704 victoria]
2623 4642 2722 4689 Dio

295 4713 373 4757 26.
413 4709 472 4758 Ut
502 4710 774 4760 transeundi
803 4713 1016 4774 ruperim
1040 4713 1130 4761 iter
1160 4712 1448 4761 vehementer
1507 4723 1766 4773 propterea
1782 4713 1929 4759 suisne
1947 4711 2166 4772 prolium
2181 4709 2487 4757 novissimum
2505 4707 2723 4764 nunquia

237 4778 340 4823 met
355 4772 711 4838 periculosum]
758 4774 1084 4840 manuscripti
1103 4777 1295 4826 conica
1317 4775 1447 4824 'rhu-
1504 4776 1691 4828 nuuam
1731 4773 1926 4829 veniam
1967 4773 2255 4839 rompeiani
2291 4773 2575 4836 sperabant,
2605 4766 2722 4852 ἐπὶ
