3059 5050
394 256 477 327 *22
1153 254 1277 322 DE
1321 254 1625 322 BELLO
1671 254 2059 324 GALLICO

563 402 869 470 XXXIII.
915 400 1121 466 Genus
1151 406 1265 465 hoc
1294 418 1380 465 est
1408 422 1486 466 ex
1514 405 1733 467 essedis
1756 427 2018 489 pugnae:
2049 406 2243 488 primo
2264 426 2372 489 per
2395 426 2599 470 omnes
2620 420 2824 493 partes

481 492 872 575 perequitant,
902 502 961 550 et
989 489 1104 549 tela
1133 488 1486 571 conjiciunt:
1531 501 1711 570 atque
1739 490 1870 573 ipso
1900 504 2123 551 terrore
2151 510 2462 569 equorum,
2488 506 2548 553 et
2574 495 2825 577 strepitu

482 584 768 649 rotarum,
799 573 1035 634 ordines
1062 572 1412 656 plerumque
1440 574 1816 655 perturbant:
1844 587 1903 636 et
1932 594 2114 654 quum
2135 593 2195 634 se
2222 572 2376 635 inter
2403 575 2667 655 equitum
2697 592 2824 639 tur-

479 677 610 719 mas
638 658 1031 733 insinuavere,
1056 676 1130 717 ex
1160 657 1376 717 essedis
1406 656 1701 734 desiliunt,
1747 671 1803 718 et
1833 658 2082 740 pedibus
2107 656 2477 739 proeliantur.
2563 658 2715 723 Auri
2764 683 2823 723 oe

400 746 436 804 5
484 740 716 803 interim
742 740 1006 824 paullum
1040 741 1074 800 ὲ
1105 739 1321 824 proelio
1349 740 1664 818 excedunt,
1710 755 1887 822 atque
1917 741 2001 801 ita
2042 762 2104 801 se
2133 740 2450 819 collocant,
2482 756 2565 820 ut,
2592 742 2641 805 si
2671 745 2685 759 '
2735 746 2751 759 “
2787 745 2827 806 a

485 825 856 887 multitudine
886 824 1139 889 hostium
1171 838 1537 906 premantur,
1567 826 1909 908 expeditum
1936 826 2015 887 ad
2044 846 2180 885 suos
2211 838 2507 907 receptum
2540 828 2823 891 habeant.

479 909 576 971 Ita
603 909 992 970 mobilitatem
1011 908 1295 989 equitum,
1327 907 1704 969 stabilitatem
1735 908 1998 992 peditum
2030 909 2092 969 in
2133 907 2360 992 proeliis
2388 923 2702 992 proestant:
2749 933 2823 973 ac

482 1007 710 1055 tantum
740 1012 850 1054 usu
879 993 1229 1073 quotidiano
1258 1007 1318 1053 et
1343 992 1769 1054 exercitatione
1798 988 2075 1068 efficiunt,
2117 1006 2181 1054 ut
2209 993 2272 1054 in
2302 992 2514 1053 declivi
2559 1015 2629 1056 ac
2662 1016 2827 1078 prae-

479 1076 646 1159 cipiti
669 1076 806 1139 loco
835 1077 1111 1139 incitatos
1133 1097 1317 1158 equos
1348 1076 1650 1152 sustinere,
1670 1089 1728 1137 et
1755 1076 1917 1137 brevi
1940 1076 2238 1138 moderari
2263 1097 2333 1137 ac
2359 1074 2607 1153 flectere,
2633 1091 2692 1139 et
2714 1099 2827 1161 per

408 1166 780 1224 lotemonem
812 1181 1172 1245 percurrere,
1203 1174 1262 1222 et
1290 1160 1526 1245 injugo
1557 1160 1841 1237 insistere,
1872 1174 1931 1221 et
1957 1161 2095 1222 inde
2118 1181 2179 1220 se
2208 1160 2270 1221 in
2299 1179 2507 1221 currus
2535 1160 2823 1225 citissime

479 1246 599 1307 reci
678 1267 759 1321 re,
785 1246 1215 1307 consueverint.
1978 1310 1985 1315 ,

693 1327 868 1390 XIV.
899 1329 1136 1410 Quibus
1161 1330 1352 1406 rebuS,
1382 1328 1740 1412 perturbatis
1765 1327 1979 1390 nostris
2004 1328 2263 1388 novitate
2291 1348 2535 1410 pugnae,
2556 1340 2825 1412 tempore

479 1413 983 1496 opportunissimo
1024 1412 1240 1474 Caesar
1286 1412 1574 1473 auxilium
1628 1411 1790 1473 tulit:
1844 1433 2100 1492 namque
2143 1412 2269 1491 ejus
2317 1411 2573 1473 adventu
2622 1413 2822 1475 hostes

478 1498 884 1572 constiterunt,
933 1496 1118 1559 nostri
1154 1518 1230 1558 ex
1261 1497 1472 1557 timore
1502 1517 1564 1556 se
1594 1507 1958 1579 receperunt.
2047 1494 2188 1576 Quo
2217 1494 2396 1569 sacto,
2429 1495 2507 1556 ad
2526 1496 2822 1560 lacessen-

403 1581 623 1643 15dum
644 1582 890 1657 hostem,
911 1593 970 1641 et
991 1580 1477 1642 committendum
1504 1579 1781 1662 proelium
1807 1578 2062 1639 alienum
2084 1599 2210 1639 esse
2233 1591 2461 1661 tempus
2482 1580 2820 1658 arbitratus,

479 1686 588 1725 suo
613 1685 675 1724 se
696 1663 833 1726 loco
863 1664 1175 1739 continuit,
1204 1678 1280 1740 et,
1309 1663 1475 1724 brevi
1511 1678 1776 1745 tempore
1805 1661 2156 1738 intermisso,
2204 1662 2265 1722 in
2308 1676 2502 1724 castra
2553 1663 2824 1745 leg-iones

478 1748 732 1809 reduxit.
820 1746 982 1809 Dum
1014 1749 1145 1809 haec
1177 1760 1480 1829 geruntur,
1512 1748 1727 1808 nostris
1756 1747 2032 1807 omnibus
2075 1746 2398 1828 occupatiS,
2425 1748 2526 1828 qui
2556 1762 2728 1809 erant
2755 1770 2817 1811 m

479 1832 642 1913 agris
671 1831 901 1913 reliqui,
927 1831 1337 1892 discesserunt.
1401 1829 1641 1893 Secutae
1672 1844 1807 1891 sunt
1835 1828 2148 1890 continuos
2168 1829 2293 1891 dies
2316 1830 2650 1913 complures
2668 1844 2818 1893 tem-

519 1928 751 1992 estates,
776 1936 912 1998 quae
942 1928 1001 1977 et
1028 1929 1261 1977 nostros
1290 1916 1352 1976 in
1381 1914 1591 1976 castris
1620 1914 2006 1989 continerent,
2031 1925 2090 1974 et
2118 1914 2345 1975 bostem
2376 1914 2413 1975 a
2442 1915 2649 1997 pugna
2677 1937 2817 1977 oro-

394 2003 476 2061 20
520 1999 764 2062 ’herent
849 1998 1094 2063 Interim
1124 1999 1366 2062 barbari
1391 1999 1633 2061 nuntios
1657 1998 1718 2060 in
1749 2019 1955 2060 omnes
1980 2011 2176 2080 partes
2201 1998 2578 2074 demiserunt,
2608 2000 2819 2082 pauci·-

478 2097 778 2165 tatemque
806 2098 1144 2146 nostrorum
1191 2083 1442 2144 militum
1491 2083 1611 2143 suis
1668 2082 2176 2165 praedicaverunt3
2219 2094 2279 2142 et
2320 2098 2545 2164 quanta
2630 2085 2817 2149 raedae

475 2168 790 2243 saciendae,
821 2181 997 2248 atque
1026 2167 1086 2227 in
1117 2174 1464 2249 perpetuum
1510 2165 1601 2227 sui
1631 2166 1923 2227 liberandi
1952 2166 2201 2227 facultas
2224 2166 2482 2243 daretur,
2512 2167 2561 2227 si
2650 2188 2821 2230 oma-

476 2271 587 2312 nos
616 2250 822 2311 castris
851 2250 1233 2333 expulissent,
1277 2250 1849 2311 demonstraverunt.
1937 2247 2052 2310 His
2098 2252 2275 2311 rebus
2304 2250 2571 2312 celeriter
2592 2252 2822 2334 magni

478 2333 851 2395 multitudine
875 2334 1167 2417 peditatus
1196 2333 1607 2415 equitatusque
1632 2333 1866 2409 coacta,
1898 2334 1973 2394 ad
1999 2349 2195 2395 castra
2222 2348 2525 2396 venerunt.

391 2420 471 2479 25
557 2414 829 2479 XXXV.
876 2416 1107 2494 Caesar,
1132 2418 1238 2479 etsi
1269 2418 1445 2494 idem,
1472 2418 1636 2499 quod
1666 2418 2070 2500 superioribus
2099 2419 2309 2480 diebus
2338 2419 2658 2496 acciderat,
2689 2418 2817 2483 sore

473 2499 737 2578 videbat,
763 2516 828 2564 ut
873 2501 921 2563 si
966 2516 1158 2564 essent
1199 2503 1394 2564 hostes
1424 2502 1600 2586 pulsi,
1642 2501 1941 2564 celeritate
1971 2502 2297 2585 periculum
2328 2500 2684 2586 effugerent;
2727 2518 2822 2566 ta-

473 2606 611 2670 men
650 2601 858 2649 nactus
886 2587 1111 2668 equites
1154 2587 1388 2649 circiter
1432 2607 1572 2648 xxx.
1617 2607 1765 2668 quos
1795 2586 2048 2648 Comius
2074 2587 2351 2664 Atrebas,
2400 2589 2475 2649 de
2503 2611 2625 2670 quo
2673 2590 2819 2664 ante

474 2669 699 2732 dictum
743 2684 849 2746 est,
896 2689 1091 2732 secum
1139 2683 1666 2753 transportaverat,
1708 2669 1974 2750 legiones
2026 2671 2086 2731 in
2136 2670 2264 2732 acie
2306 2693 2417 2754 pro
2446 2673 2653 2734 castris
2673 2695 2821 2736 con-

473 2754 678 2816 stituit.
766 2753 1110 2818 Commisso
1153 2755 1389 2838 proelio,
1436 2754 1658 2816 diutius
1702 2768 2039 2816 nostrorum
2080 2754 2329 2816 militum
2360 2755 2646 2839 impetum
2675 2757 2819 2818 hos-

392 2842 557 2899 30tes
582 2837 734 2900 serre
762 2860 885 2902 non
926 2851 1267 2920 potuerunt,
1312 2860 1383 2901 ac
1426 2852 1600 2920 terga
1628 2851 1956 2917 verterunt3
2001 2859 2151 2919 quos
2179 2852 2345 2901 tanto
2387 2840 2579 2922 spatio
2610 2841 2817 2919 secuti,

474 2938 761 3003 quantum
793 2942 971 2985 cursu
1013 2937 1074 2985 et
1116 2923 1341 2986 viribus
1380 2922 1612 2984 efficere
1642 2935 1979 3005 potuerunt,
2010 2924 2346 3006 complures
2371 2944 2446 2984 ex
2477 2923 2547 2985 iis
2578 2926 2819 2988 occide-

473 3019 648 3068 runt:
692 3007 906 3069 deinde
930 3009 1205 3069 omnibus
1227 3007 1413 3090 longe
1443 3006 1687 3089 lateque
1712 3006 1983 3069 aedificiis
2012 3007 2284 3084 incensiS,
2315 3027 2377 3068 se
2406 3007 2469 3069 in
2498 3023 2693 3070 castra
2723 3030 2789 3071 re

472 3109 506 3152 c
618 3104 775 3153 runt.

752 3174 862 3239 VI.
908 3174 1144 3238 Eodem
1171 3176 1267 3238 die
1292 3175 1475 3256 legati
1506 3175 1584 3236 ab
1618 3173 1885 3236 hostibus
1916 3175 2077 3235 missi
2107 3174 2184 3236 ad
2223 3174 2530 3237 Caesarem
2563 3178 2638 3240 de
2665 3198 2815 3259 pace

388 3262 775 3322 35venerunt.
862 3259 977 3322 His
1003 3259 1221 3323 Caesar
1262 3279 1574 3321 numerum
1621 3258 1916 3334 obsidum,
1962 3279 2136 3340 quem
2179 3273 2353 3321 antea
2398 3260 2816 3343 imperaverat,

469 3342 816 3425 duplicavit,
846 3365 948 3405 eos
991 3365 1066 3406 ue
1095 3343 1157 3405 in
1185 3344 1584 3404 continentem
1633 3341 1852 3405 adduci
1883 3343 2091 3423 jussit:
2138 3344 2323 3424 quod,
2350 3344 2691 3426 propinqua
2718 3343 2819 3406 die

467 3426 835 3507 oequinoctii‚
887 3427 948 3488 in
1086 3428 1136 3487 is
1183 3426 1454 3502 navibuS,
1502 3425 1682 3488 hiemi
1730 3427 2175 3508 navigationem
2215 3429 2648 3508 subjiciendam
2690 3448 2818 3490 non

466 3508 874 3571 existimabat:
920 3511 1047 3593 ipse
1090 3510 1372 3572 idoneam
1416 3522 1821 3594 tempestatem
1867 3523 2092 3586 nactus,
2135 3511 2338 3594 paullo
2377 3523 2513 3593 post
2554 3512 2816 3573 mediam

468 3604 702 3654 noctem
734 3614 914 3656 naves
943 3593 1138 3656 solvit.
1226 3593 1386 3676 Quae
1416 3615 1623 3656 omnes
1642 3594 1967 3657 incolumes
1991 3595 2070 3656 ad
2098 3596 2494 3657 continentem
2528 3616 2816 3677 pervene-

383 3677 635 3739 40runt:
678 3698 755 3739 ex
803 3677 893 3739 his
935 3677 1230 3741 onerariae
1271 3700 1342 3741 11.
1392 3692 1419 3723 ὃ
1449 3679 1688 3739 eosdem
1720 3693 1944 3762 portus,
1971 3698 2121 3759 quos
2151 3678 2417 3760 reliquae,
2447 3700 2660 3762 capere
2691 3699 2817 3742 non

464 3773 802 3844 potuerunt,
826 3762 929 3824 sed
992 3761 1154 3824 aullo
1175 3762 1332 3825 infra
1360 3762 1578 3825 delatae
1607 3773 1761 3824 sunt.

546 3841 886 3908 XXXVII.
999 3846 1170 3908 uibus
1198 3869 1275 3909 ex
1303 3847 1579 3924 navibus,
1605 3867 1787 3929 quum
1829 3857 2023 3907 essent
2049 3867 2124 3907 ex
2209 3845 2303 3907 siti
2334 3845 2548 3910 milites
2576 3846 2816 3909 circiter

466 3947 608 3991 ccc·
636 3941 814 4012 atque
835 3931 899 3993 in
927 3944 1125 3993 castra
1154 3932 1584 3993 contenderent
1594 3954 1613 4011 ;
1656 3929 1904 4007 Morini,
1926 3951 2075 4011 quos
2100 3867 2313 3992 &gear
2342 3931 2401 3992 in
2428 3927 2815 3993 Britanniam

463 4013 850 4098 proficiscens
872 4028 1120 4100 pacatos
1150 4016 1486 4097 reliquerat,
1508 4035 1612 4100 spe
1641 4015 1869 4099 praedae
1893 4015 2155 4091 adducti,
2180 4015 2374 4097 primo
2396 4036 2516 4077 non
2538 4017 2624 4077 ita
2642 4035 2816 4097 mag-

382 4099 546 4160 45no
575 4117 818 4162 suorum
871 4105 1122 4163 numero
1151 4100 1683 4176 circumsteterunt,
1714 4119 1806 4177 ac,
1836 4099 1885 4160 si
1914 4119 2039 4161 sese
2067 4098 2317 4161 interfici
2360 4097 2605 4177 nollent,
2643 4119 2816 4161 arma

1035 4295 1068 4328 a
1085 4278 1162 4329 Aa
1181 4276 1357 4326 eodem
1369 4277 1534 4341 por-tus
1550 4287 1648 4325 m
1670 4279 1889 4340 potam!
1916 4273 2158 4339 appellen.

445 4437 519 4488 12.
634 4441 648 4456 ⁶
745 4445 895 4505 abiu,
1033 4444 1209 4494 wantis
1234 4437 1438 4508 nodum]
1469 4435 1562 4489 Lu·
1684 4435 1762 4485 86.
1816 4427 1821 4434 ’
1929 4435 1941 4448 ’
2089 4436 2162 4484 dic
2182 4437 2482 4500 aequinoctii]
2516 4436 2636 4484 cum
2666 4451 2818 4497 cupra

381 4515 530 4548 canus
625 4539 637 4551 .
653 4521 706 4554 n.
728 4505 908 4556 inducit
975 4508 1214 4567 ompeium
1235 4503 1469 4570 dicentem
1509 4509 1564 4570 ut
1623 4500 1824 4574 dixerit:
1946 4501 1955 4510 '
2084 4499 2247 4546 estatis
2275 4505 2409 4575 perte
2441 4499 2636 4575 relique,
2673 4499 2816 4560 aqui-

381 4562 571 4671 ’Θου-..ε
597 4565 790 4618 ,Τοπίω
827 4569 1027 4632 quodni·
1063 4565 1257 4619 aaa&
1293 4571 1424 4628 terga
1457 4536 1565 4614 bn·-
1627 4561 2377 4688 ἓᾳᾷιευῆἒιὲιωωςὲηωὼςή,
2391 4561 2582 4624 quodm
2602 4574 2815 4611 nemen
