3059 5050
847 272 971 336 DE
1016 272 1321 336 BELLO
1366 269 1722 337 HISPAN.
1770 271 2071 337 LIBER.

2551 279 2674 341 375

183 426 559 513 praeteri-itus
588 436 696 501 est,
730 422 900 506 quod
930 423 1162 506 equites
1204 443 1284 484 ex
1336 419 1523 484 Italia
1572 443 1713 484 cum
1765 421 2109 504 Asprenate
2154 420 2232 485 ad
2266 420 2588 486 Caesarem

183 516 508 579 venissent.

598 509 700 573 Ea
725 523 903 571 nocte
928 508 1262 592 Pompeius
1282 521 1482 569 castra
1503 508 1789 584 incendit,
1810 523 1871 568 et
1890 508 1967 568 ad
1992 506 2351 570 Cordubam
2379 511 2586 572 versus

184 600 300 661 iter
330 599 530 659 facere
559 598 768 678 coepit.
856 593 1003 655 Rex
1056 594 1300 655 nomine
1352 591 1530 669 Indo,
1565 594 1666 675 qui
1721 613 1861 654 cum
1893 594 2166 674 equitatu
2199 616 2338 655 suas
2369 596 2583 679 copias

185 685 550 759 adduxerat,
571 682 716 743 dum
738 680 1021 763 cupidius
1045 701 1264 761 agmen
1288 678 1771 741 adversariorum
1804 678 2159 760 insequitur,
2192 680 2229 741 a
2247 682 2588 743 vernaculis

190 768 552 851 legionariis
582 780 875 851 exceptus
903 778 1010 841 est,
1042 778 1102 825 et
1131 763 1493 825 interfectus.
2457 842 2468 847 =
2633 770 2672 828 5

273 853 395 917 XI.
441 852 701 914 Postero
731 852 830 913 die
858 851 1086 931 equites
1118 848 1302 911 nostri
1351 848 1596 929 longius
1627 847 1706 909 ad
1750 847 2116 912 Cordubam
2146 849 2349 910 versus
2392 873 2591 934 perse-

184 941 313 1002 cuti
349 951 488 1000 sunt
515 960 639 1014 eos,
670 938 773 1019 qui
804 949 1175 998 commeatus
1206 934 1285 995 ad
1314 946 1515 995 castra
1544 932 1830 1017 Pompeii
1858 957 1935 996 ex
1968 935 2201 1018 oppido
2231 939 2602 1017 portabantz·

187 1047 267 1087 ex
302 1026 377 1088 iis
407 1025 569 1107 capti
602 1045 659 1085 ι..
684 1043 820 1083 curn
839 1020 1132 1102 jumentis
1162 1019 1241 1081 ad
1266 1032 1473 1080 nostra
1497 1019 1745 1081 adducti
1767 1034 1904 1082 sunt
1928 1035 2148 1095 castra.
2221 1019 2464 1083 Eodem
2491 1024 2592 1084 die

190 1111 277 1192 Q.
310 1110 601 1181 Marcius,
631 1108 906 1168 tribunus
931 1104 1057 1167 mil.
1090 1105 1194 1187 qui
1226 1103 1432 1167 suisset
1479 1103 1786 1187 Pompeii,
1819 1106 1898 1167 ad
1931 1127 2040 1167 nos
2073 1106 2414 1187 transfugit.
2503 1107 2590 1170 Et

189 1196 388 1258 noctis
419 1194 589 1257 tertia
612 1190 824 1273 vigilia
852 1190 913 1252 in
946 1192 1182 1275 oppido
1212 1190 1545 1253 accerrime
1573 1204 1912 1273 pugnatum
1939 1205 2056 1269 est3
2089 1192 2414 1274 ignemque
2439 1194 2678 1257 mul-10

191 1295 319 1343 tum
353 1281 665 1341 miserunt:
711 1277 868 1339 sicut
896 1290 957 1338 et
985 1297 1170 1338 omne
1199 1274 1412 1358 genuS,
1444 1276 1663 1356 quibus
1695 1276 1856 1358 ignis
1888 1299 1996 1360 per
2029 1279 2236 1358 jactus
2267 1277 2475 1339 solitus
2505 1295 2594 1342 est

187 1367 364 1428 mitti.

455 1362 595 1426 Hoc
626 1362 941 1447 praeterito
970 1375 1265 1445 tempore,
1293 1360 1371 1423 C.
1406 1359 1767 1423 Fundanius
1797 1384 1979 1444 eques
2010 1362 2333 1425 Romanus
2357 1385 2432 1424 ex
2459 1387 2593 1426 cas-

185 1452 291 1513 tris
324 1449 812 1511 adversariorum
847 1448 927 1509 ad
958 1468 1070 1509 nos
1097 1446 1441 1529 transfugit.

272 1534 424 1598 XII.
478 1534 741 1596 Postero
770 1534 871 1595 die
900 1554 977 1595 ex
1008 1533 1252 1615 legione
1280 1532 1609 1594 vernacula
1639 1532 1857 1603 milites
1889 1546 2025 1595 sunt
2055 1533 2219 1617 capti
2268 1536 2346 1595 ab
2371 1535 2593 1616 equiti-

182 1625 301 1683 bus
333 1621 555 1683 nostris
585 1620 731 1696 du0‚
757 1619 861 1700 qui
890 1619 1177 1680 dixerunt
1208 1640 1270 1679 se
1300 1639 1506 1679 servos
1536 1639 1707 1679 esse.-

1775 1617 1980 1700 Quum
2031 1620 2326 1695 venirent,
2357 1622 2676 1701 cognitil5

188 1723 330 1769 sunt
360 1708 398 1767 a
430 1704 737 1781 militibus,
808 1705 868 1766 ui
898 1716 1079 1766 antea
1108 1725 1249 1766 cum
1280 1702 1482 1765 Fabio
1512 1717 1572 1765 et
1601 1702 1799 1765 Pedio
1831 1704 2088 1781 fuerant,
2119 1720 2179 1767 et
2210 1705 2247 1766 a
2275 1703 2593 1773 Trebonio

188 1792 666 1874 transfugerant.

817 1791 867 1852 is
897 1790 976 1851 ad
1007 1789 1447 1872 ignoscendum
1484 1789 1651 1851 nulla
1682 1803 1772 1851 est
1799 1790 1946 1851 data
1975 1789 2248 1865 facultaS,
2280 1804 2339 1851 et
2369 1791 2405 1851 a
2437 1792 2593 1852 mili-

193 1879 355 1940 tibus
403 1876 621 1939 nostris
668 1875 965 1938 interfecti
1013 1889 1169 1938 sunt.
1258 1874 1499 1936 Eodem
1535 1889 1808 1957 tempore
1845 1876 2008 1959 capti
2053 1875 2372 1952 tabellarii,
2423 1877 2524 1959 qui
2558 1879 2595 1938 ὲ,

193 1962 494 2026 Corduba
539 1962 617 2023 ad
664 1961 1029 2045 Pompeium
1077 1960 1240 2023 missi
1286 1974 1478 2037 erant,
1529 1982 1967 2044 perperamque
2012 1962 2090 2023 ad
2144 1978 2343 2023 castra
2387 1977 2592 2024 nostra

194 2061 614 2133 pervenerant,
665 2046 937 2131 praecisis
984 2047 1263 2108 manibus
1312 2046 1477 2107 missi
1518 2060 1656 2108 sunt
1704 2045 1868 2108 facti.

1959 2046 2106 2108 Pari
2138 2049 2680 2125 consuetudine,20

194 2133 409 2216 vigilia
455 2133 739 2209 secunda,
770 2154 848 2193 ex
880 2132 1113 2217 oppido
1144 2132 1351 2214 ignem
1396 2131 1677 2208 multum,
1725 2132 2101 2214 telorumque
2149 2133 2591 2195 multitudinem

179 2220 500 2301 jactando,
528 2220 682 2280 bene
713 2239 1004 2298 magnum
1038 2232 1273 2300 tempus
1304 2230 1850 2302 consumpserunt3
1894 2218 2357 2301 compluresque
2384 2219 2595 2280 vulne-

192 2306 359 2367 ribus
406 2303 757 2367 affecerunt.
846 2302 1174 2365 Praeterito
1219 2303 1414 2365 noctis
1444 2319 1736 2387 tempore,
1768 2304 2144 2387 eruptionem
2196 2304 2255 2364 in
2288 2303 2593 2385 legionem

194 2412 281 2453 vr.
314 2390 599 2467 fecerunt,
650 2409 838 2471 quum
886 2389 952 2450 in
997 2410 1184 2471 opere
1214 2389 1403 2451 nostri
1432 2388 1673 2451 distenti
1700 2402 1916 2466 essent,
1949 2389 2288 2471 acriterque
2319 2412 2595 2472 pugnare

193 2489 549 2560 coeperunt:
593 2494 855 2559 quorum
886 2475 981 2537 vis
1005 2495 1280 2558 repressa
1311 2474 1347 2535 a
1376 2474 1616 2551 nostriS,
1648 2475 1756 2537 etsi
1790 2475 2082 2559 oppidani
2115 2476 2423 2559 superiore
2455 2475 2676 2546 loco2‚5

194 2562 689 2625 defendebantur.
777 2582 837 2625 ι..
889 2582 1075 2642 quum
1107 2560 1482 2660 eruptionem
1514 2561 1713 2623 facere
1750 2562 2092 2644 coepissent,
2125 2577 2326 2624 tamen
2374 2562 2608 2624 virtute·

193 2648 451 2710 militum
502 2661 840 2710 nostrorum
878 2644 1046 2733 [qui]
1081 2646 1192 2708 etsi
1224 2645 1504 2710 inferiore
1533 2646 1674 2708 loco
1712 2649 2160 2729 premebantur,
2197 2645 2462 2735 [tamen]
2498 2670 2592 2711 re-

190 2734 349 2880 pulsi
384 2731 779 2821 [adversarii]
816 2733 969 2795 bene
1001 2731 1203 2794 multis
1234 2731 1585 2794 vulneribus
1610 2732 1808 2795 affecti
1857 2733 1919 2795 in
1958 2734 2252 2817 oppidum
2285 2755 2347 2795 se
2377 2749 2590 2796 contu·
2656 2758 2678 2772 ·

212 2835 406 2882 erunt·

274 2903 458 2967 XIII.
518 2903 780 2966 Postero
827 2903 925 2965 die
972 2900 1308 2986 Pompeius
1354 2924 1432 2964 ex
1479 2904 1694 2964 castris
1742 2903 1864 2964 suis
1911 2905 2227 2966 brachium
2278 2905 2465 2987 coepit
2513 2907 2678 2968 adso

189 2990 413 3052 flumen
464 2989 709 3052 Salsum
758 2988 997 3065 sacere3
1048 3003 1109 3050 et
1137 3010 1322 3069 quum
1355 2988 1546 3050 nostri
1576 2988 1805 3069 equites
1837 2989 2014 3071 pauci
2049 2989 2110 3049 in
2144 2989 2399 3050 statione
2449 2990 2592 3051 fuis·

189 3090 325 3137 sent
355 3076 392 3137 a
420 3075 696 3159 pluribus
727 3073 968 3158 reperti,
1000 3073 1077 3135 de
1106 3075 1363 3136 statione
1393 3088 1533 3135 sunt
1561 3073 1797 3154 dejecti,
1828 3088 1886 3135 et
1917 3074 2098 3134 occisi
2133 3088 2268 3134 treS.

2359 3073 2462 3134 Eo
2492 3076 2591 3137 die

186 3161 271 3222 A.
300 3159 561 3242 Valgius
591 3160 884 3222 senatoris
914 3159 1094 3235 filius,
1137 3160 1310 3240 cujus
1341 3159 1526 3220 frater
1556 3159 1617 3219 in
1649 3159 1859 3220 castris
1890 3157 2172 3241 Pompeii
2203 3158 2429 3235 suisset,
2461 3179 2593 3220 om-

190 3246 372 3307 nibus
418 3246 540 3308 suis
586 3248 766 3308 rebus
795 3244 1035 3322 relictis,
1066 3266 1288 3326 equum
1339 3245 1716 3320 conscendit,
1762 3257 1822 3306 et
1856 3243 2032 3325 fugit.
2123 3243 2486 3328 Speculator
2515 3244 2592 3306 de

186 3331 433 3413 legione
464 3352 537 3393 n.
564 3330 947 3414 Pompeiana
975 3345 1189 3413 captus
1216 3333 1253 3392 a
1277 3330 1588 3406 militibus,
1615 3344 1673 3393 et
1698 3329 2042 3391 interfectus
2067 3346 2174 3392 est.
2235 3329 2403 3392 Idem
2440 3332 2674 3393 tem-35

185 3417 354 3500 poris
386 3416 566 3499 glans
596 3417 780 3479 missa
808 3432 918 3493 est,
950 3417 1273 3499 inseripta3
1319 3437 1442 3497 quo
1471 3416 1572 3478 die
1602 3417 1688 3488 ad
1706 3416 1999 3499 oppidum
2027 3416 2389 3499 capiendum
2419 3437 2591 3479 arce-

187 3501 418 3580 dorent,
448 3524 578 3565 sese
608 3520 841 3564 scutum
869 3523 998 3565 esse
1027 3501 1388 3585 positurum.

187 3706 297 3751 vide
318 3703 376 3751 T.
398 3704 605 3762 Livium,
635 3705 719 3753 lib.
754 3719 786 3752 r.
826 3705 1026 3752 secundi
1069 3704 1179 3752 belli
1214 3702 1396 3751 Punici.

187 3768 350 3814 Hodie
373 3766 630 3815 Morvedrs.

250 3830 320 3877 lb.
356 3831 451 3877 Suo
474 3830 570 3878 Ιοσο
588 3829 902 3893 praeter-niem
918 3831 1017 3892 ssa]
1044 3830 1179 3892 Lego
1195 3845 1285 3892 quo
1300 3829 1396 3878 loco

173 3892 455 3956 perterritus
495 3898 574 3950 est,
608 3909 668 3940 ex
701 3895 796 3940 fide
836 3893 1275 3952 manuscriptorum
1318 3908 1396 3940 co·

184 3955 347 4002 dicum
365 3956 680 4002 'rhamnorum
696 3957 916 4003 duorum.

253 4018 295 4065 Ι.
329 4018 408 4066 Est:
434 4018 616 4081 Italia]
686 4020 967 4077 Legendum
990 4032 1048 4065 ez
1069 4017 1256 4076 Italica,
1289 4032 1396 4077 quo

186 4084 298 4128 urbs
320 4089 393 4127 est
432 4080 679 4140 Hispania
712 4081 967 4138 ulterioris,
999 4082 1060 4128 de
1096 4079 1191 4142 qui
1232 4095 1396 4140 supra.

184 4142 366 4191 Morali
397 4142 593 4190 Gionca.

249 4207 295 4252 3.
330 4205 430 4253 Rex
461 4204 647 4254 nouam
680 4205 839 4281 Indo]
903 4207 1018 4260 Quis
1051 4207 1128 4253 ille
1160 4206 1319 4262 suerit,
1350 4214 1399 4253 et

186 4283 249 4315 an
274 4283 412 4328 reges
434 4268 611 4316 fuerint
633 4270 684 4315 in
696 4268 946 4327 provincii
965 4268 1203 4325 Romani,
1225 4270 1298 4315 vel
1322 4284 1394 4322 re·¹

184 4331 305 4391 guli,
325 4330 471 4391 juxta
491 4346 600 4378 cum
624 4332 706 4379 illo
728 4333 829 4379 scio
851 4330 933 4391 qui
956 4332 1148 4392 ignorat
1170 4333 1393 4379 maxime.

245 4395 293 4440 9.
332 4392 603 4455 Quisuioeet
626 4393 879 4457 Pompeii]
954 4394 1046 4453 Qui
1065 4394 1249 4457 suerat,
1274 4394 1393 4441 Sub-

1462 3501 1609 3584 Qua
1637 3523 1742 3587 spe
1774 3501 2068 3578 nonnulli,
2094 3503 2237 3565 dum
2272 3503 2400 3565 sine
2433 3504 2588 3586 peri·

1527 3706 1600 3751 11.
1631 3704 1813 3765 Quibus
1832 3705 1959 3767 ignis
1973 3720 2062 3768 per
2089 3706 2229 3754 'aelus
2247 3705 2408 3752 solitus
2429 3709 2489 3752 eet
2511 3705 2671 3770 mint]

1462 3766 1526 3813 Ut
1548 3768 1682 3825 cupis
1706 3769 1814 3826 pice
1836 3777 1882 3815 et
1906 3784 2019 3815 sevo
2036 3784 2066 3828 p
2086 3769 2206 3826 enis,
2228 3778 2280 3815 ut
2302 3769 2503 3826 legimus
2523 3770 2568 3814 in
2593 3769 2674 3815 lib.

1460 3844 1567 3877 vm.
1589 3832 1650 3876 de
1667 3831 1792 3877 bello
1808 3830 1996 3878 Gallico
2067 3832 2154 3878 Est
2176 3846 2322 3890 porro
2345 3830 2528 3890 Figura
2550 3831 2671 3891 Syn-

1461 3893 1626 3946 thesis,
1647 3908 1781 3940 omne
1797 3907 1961 3954 gerim,
1979 3895 2160 3956 quibus,
2178 3909 2265 3953 pro
2283 3909 2391 3955 quo,
2409 3891 2502 3953 qua
2525 3894 2671 3955 Figu-

1461 3955 1517 4000 ra
1539 3969 1615 4001 res
1638 3956 1835 4013 pluralis
1859 3956 2110 4015 pluraliter
2130 3957 2419 4003 enuntiatur.

1525 4019 1596 4063 16.
1638 4019 1732 4078 Qui
1751 4025 1887 4066 antea
1910 4034 2012 4066 cum
2049 4019 2196 4067 Fabio
2219 4026 2259 4066 e!
2285 4018 2432 4067 Pedio
2452 4017 2672 4080 fuerant,

1457 4079 1549 4127 etc)
1579 4079 1802 4129 Trebonio
1823 4081 2207 4144 transfugerant]
2235 4082 2431 4144 Legatis
2450 4081 2672 4129 Caesaris.

1523 4144 1600 4189 20.
1624 4143 1838 4191 Proecisie
1852 4145 2104 4206 manibus]
2139 4146 2249 4193 Hoc
2272 4144 2506 4203 supplicio
2529 4143 2670 4190 Uxel-

1459 4205 1750 4253 loduuenses
1774 4215 1884 4253 sunt
1901 4206 2080 4264 affecti,
2094 4213 2145 4253 ut
2168 4209 2369 4270 legimus
2388 4207 2435 4252 in
2460 4206 2541 4252 lib.
2561 4221 2670 4254 vm.

1458 4270 1518 4314 de
1543 4269 1667 4315 bello
1691 4270 1894 4317 Gallico.

1520 4331 1590 4378 lb.
1610 4332 1732 4379 Pari
1743 4331 2088 4388 consuetudine,
2101 4331 2270 4397 vigilia
2289 4329 2528 4393 neurada]
2575 4330 2667 4379 Re-

1457 4395 1657 4441 vertitur
1681 4397 1742 4442 ad
1768 4396 1964 4456 Ategua
1992 4395 2418 4456 oppugnationem.

174 4454 420 4516 junctivus
447 4464 521 4504 est
548 4470 637 4515 pro
670 4456 956 4514 tudinum,
977 4472 1073 4517 quo
1095 4457 1289 4519 legendi
1308 4471 1392 4518 ge·
1518 4458 1597 4504 26.
1636 4472 1683 4505 r..
1719 4472 1861 4520 quum
1900 4457 2186 4519 eruptionem
2217 4456 2378 4532 facere
2418 4455 2671 4519 eoepiuent.

182 4533 298 4565 nere
320 4518 386 4564 uti
410 4520 565 4566 solent
585 4521 800 4568 forenses
833 4519 1015 4567 scribe.

1453 4516 1563 4581 sm]
1615 4519 1769 4568 Voces
1790 4519 2154 4579 parenthesibus
2181 4520 2419 4567 distinete
2440 4534 2500 4567 ex
2522 4519 2671 4568 inter·

248 4581 315 4630 10.
339 4581 399 4629 111
416 4582 582 4643 oppido
602 4579 849 4631 accerrime
868 4587 1135 4645 pugnatum
1156 4582 1254 4643 εει]
1313 4582 1391 4630 Vi·
1454 4582 1770 4641 pretamentis
1823 4583 2047 4629 videntur
2087 4582 2139 4628 in
2170 4590 2354 4631 textum
2403 4583 2669 4643 irrepsisse,

185 4644 318 4691 detur
352 4659 458 4691 esse
494 4647 698 4705 Ategua,
731 4647 795 4692 ad
832 4660 977 4704 quam
994 4647 1392 4710 ¹oppugna-ridant
1454 4653 1601 4703 atque
1624 4646 1746 4693 adeo
1769 4645 2004 4692 tollendo.

185 4716 401 4766 aggeres,
424 4708 685 4765 vineasque
708 4723 854 4769 agere
878 4708 1093 4755 instituit.
