3059 5050
816 256 943 322 DE
988 257 1293 322 BELLO
1338 256 1604 322 ALEX.
1649 255 1949 335 LIBER.
2347 324 2356 335 ,
2488 263 2610 323 329

127 409 268 473 Cui
305 409 418 471 nisi
448 419 783 470 castrorum
813 407 1200 492 oppugnatio
1253 406 1595 470 facultatem
1629 407 1920 469 attulisset
1965 404 2210 467 liberius
2251 404 2526 490 profugi-

126 497 308 572 endi,
344 496 511 554 vivus
537 495 599 554 in
632 491 904 555 Caesaris
934 506 1290 576 potestatem
1323 494 1618 555 adductus
1648 506 1819 554 esset.

224 577 570 641 LXXVII.
618 574 765 639 Tali
796 579 1054 640 victoria
1084 580 1258 640 toties
1290 579 1483 640 victor
1527 578 1745 640 Caesar
1790 574 2133 639 incredibili
2176 588 2274 637 est·
2315 574 2531 639 laetitia

129 665 414 742 affectus,
447 663 612 745 quod
664 663 996 725 maximum
1054 663 1273 725 bellum
1325 664 1491 726 tanta
1539 662 1841 725 celeritate
1870 660 2239 724 confecerat:
2283 675 2529 742 eratque

40 804 41 813 ,
125 750 327 811 subiti
361 747 615 833 periculi
647 748 1063 811 recordatione
1091 748 1308 825 laetior,
1340 749 1503 830 quod
1537 748 1795 810 victoria
1823 746 2017 809 facilis
2048 768 2124 808 ex
2155 744 2544 835 difficillimis*
2573 751 2610 808 5

40 896 41 903 χ
123 836 326 897 rebus
357 834 681 896 acciderat.
766 832 969 895 Ponto
1000 848 1260 916 recept0,
1291 834 1506 918 praeda
1534 833 1703 896 omni
1741 833 1913 914 regia
1949 832 2252 895 militibus
2300 832 2531 892 condo-

40 974 43 1007 ἱ

40 916 41 919 ’
126 919 312 996 nata,
346 933 590 1002 postero
615 921 712 981 die
739 940 875 981 cum
906 920 1203 1001 expeditis
1232 920 1536 1000 equitibus
1566 920 1696 1018 ipse
1740 917 2181 1002 proficiscitur:
2225 916 2530 998 legionem

128 1026 226 1066 vt.
264 1005 560 1067 decedere
590 1005 665 1066 ad
690 1004 945 1088 praemia
974 1018 1154 1086 atque
1200 1005 1462 1065 honores
1516 1004 1908 1086 accipiendos
1939 1003 1998 1063 in
2029 1001 2271 1064 Italiam
2308 1004 2525 1084 jubet:

40 1144 43 1153 .
129 1089 379 1150 auxilia
410 1088 683 1151 Deiotari
711 1089 956 1151 domum
988 1089 1273 1152 remittit:
1323 1111 1395 1151 11.
1427 1089 1704 1170 legiones
1728 1109 1867 1149 cum
1894 1085 2102 1150 Coelio
2127 1086 2432 1149 Vinciano
2465 1089 2529 1150 in

133 1172 357 1236 Ponto
388 1173 642 1255 reliquit.
2537 1177 2617 1236 10

221 1256 596 1321 LXXVIII.
629 1258 726 1321 Ita
754 1281 863 1342 per
884 1257 1365 1359 Gallograeciam
1391 1257 1873 1341 Bithyniamque
1892 1256 1954 1319 in
1981 1257 2193 1322 Asiam
2215 1257 2328 1319 iter
2353 1258 2528 1320 facit:

40 1404 43 1425 ζ
127 1344 533 1426 omniumque
561 1365 768 1407 earum
794 1344 1247 1428 provinciarum
1279 1346 1355 1407 de
1385 1344 1814 1407 controversiis
1844 1343 2166 1424 cognoscit
2191 1358 2251 1404 et
2276 1344 2485 1405 statuit
2510 1365 2526 1404 ε

39 1432 45 1507 j
105 1430 267 1512 jura
300 1430 362 1492 in
395 1431 750 1505 tetrarchas,
801 1450 994 1510 reges,
1025 1430 1300 1493 civitates
1328 1430 1653 1493 distribuit.
1743 1427 2160 1491 Mithridatem
2196 1427 2530 1509 Pergame-
2589 1434 2594 1443 ‘

40 1518 45 1609 ’ἱ
123 1535 305 1592 num,
333 1516 371 1576 a
396 1536 521 1597 quo
552 1536 677 1576 rem
709 1513 962 1577 feliciter
990 1514 1379 1599 celeriterque
1409 1530 1641 1598 gestam
1676 1515 1738 1576 in
1764 1512 2045 1598 AEgypto
2076 1535 2259 1599 snpra
2289 1514 2530 1597 scripsi·

120 1620 287 1677 muS,
321 1602 497 1681 regio
534 1619 762 1681 genere
791 1614 1010 1676 ortum,
1037 1601 1372 1686 disciplinis
1403 1602 1584 1663 etiam
1620 1600 1803 1682 regiis
1834 1600 2157 1662 educatum
2192 1599 2361 1684 (nam
2392 1603 2612 1662 eum15

40 1680 43 1755 f
118 1682 527 1747 Mithridates
558 1704 664 1746 rex
715 1685 883 1746 Asiae
930 1686 1114 1747 totius
1144 1700 1393 1770 propter
1442 1686 1818 1747 nobilitatem
1865 1684 2177 1766 Pergamo
2207 1685 2528 1768 parvulum
2591 1724 2598 1729 -

40 1770 43 1785 ²
122 1788 342 1831 secum
377 1783 799 1853 asportaverat
844 1770 906 1831 in
938 1783 1159 1848 castra,
1208 1770 1550 1852 multosque
1582 1784 1850 1831 tenuerat
1885 1768 2103 1855 annos)
2136 1790 2339 1850 regem
2372 1768 2533 1831 Bos·

124 1854 315 1936 phori
348 1854 681 1931 constituit,
727 1854 892 1937 quod
938 1856 1050 1916 sub
1095 1856 1351 1939 imperio
1394 1855 1736 1918 Pharnacis
1781 1855 2018 1934 fuerat3
2064 1855 2529 1940 provinciasque

128 1938 351 2023 populi
384 1937 575 2001 Rom.
607 1939 645 2000 a
673 1940 951 2002 barbaris
982 1957 1164 2023 atque
1193 1941 1453 2003 inimicis
1483 1942 1749 2023 regibuS,
1779 1940 2134 2023 interposito
2160 1941 2531 2002 amicissimo

126 2046 300 2107 rege,
349 2025 628 2087 munivit.
662 2072 669 2077 .
714 2023 938 2088 Eidem
986 2027 1370 2089 tetrarchiam
1433 2024 1732 2112 [legibus]
1793 2025 2345 2107 Gallograecorum,
2387 2027 2614 2107 jure20

125 2111 335 2189 gentis
359 2123 420 2171 et
449 2111 834 2191 cognationis
865 2111 1262 2192 adjudicavit,
1293 2125 1656 2194 occupatam
1688 2125 1747 2173 et
1777 2132 2115 2194 possessam
2149 2111 2361 2195 paucis
2391 2127 2531 2173 ante

126 2196 310 2256 aunis
343 2194 381 2255 ὁ,
426 2192 744 2276 Dejotaro.
833 2194 1053 2278 Neque
1084 2211 1285 2259 tamen
1316 2218 1573 2280 usquam
1606 2197 1835 2259 diutius
1881 2210 2148 2258 moratus
2192 2209 2300 2273 est,
2347 2197 2530 2278 quam

124 2280 459 2341 necessitas
490 2281 860 2343 urbanarum
905 2282 1270 2345 seditionum
1318 2284 1447 2367 pati
1494 2282 1837 2344 videbatur.
1925 2280 2139 2343 Rebus
2186 2281 2529 2344 felicissime

122 2363 570 2447 celerrimeque
598 2365 909 2445 confectiS,
943 2367 1004 2429 in
1035 2365 1275 2431 Italiam
1308 2368 1565 2431 celerius
1595 2368 1868 2429 omnium
1901 2368 2191 2451 opinione
2219 2367 2403 2430 venit.

189 2530 236 2576 3.
272 2528 541 2578 Incredibili
559 2535 622 2577 est
643 2529 813 2579 lentitia
843 2530 1052 2593 affectus,
1073 2531 1184 2593 δια]
1226 2532 1343 2579 Sue·
1406 2530 1704 2592 contigisset,
1725 2528 1945 2587 dati-que
1965 2528 2136 2575 litteris
2174 2527 2224 2575 in
2262 2528 2429 2574 urbem
2465 2525 2614 2587 scrip-

128 2593 288 2639 tonius
301 2593 445 2638 refert
460 2593 810 2652 intr-aquintum
821 2609 969 2653 qnam
981 2593 1185 2642 affuerat
1196 2596 1343 2650 diem,
1408 2595 1557 2641 sisse:
1602 2591 1734 2648 Veni,
1766 2590 1891 2648 Vidi,
1917 2590 2031 2638 Vici.

128 2664 335 2713 quatuor
344 2655 640 2714 vero‚quibns
654 2657 703 2701 in
715 2664 1026 2715 conspectum
1039 2656 1342 2714 mutaberis,
1474 2658 1548 2703 17.
1583 2655 1758 2717 Regem
1781 2652 2011 2715 Bosphori
2029 2650 2296 2713 constituit]
2322 2652 2430 2699 Non
2449 2651 2527 2699 hlc
2545 2653 2613 2698 in·

130 2714 228 2763 uni
249 2716 354 2763 acie
377 2716 662 2790 profligasse
682 2718 1004 2776 Pharnacem,
1020 2719 1192 2766 crebro
1208 2734 1336 2765 com·
1401 2718 1631 2777 telligitur
1669 2718 1845 2766 fretum
1886 2716 2013 2774 quod
2056 2723 2131 2762 est
2170 2714 2613 2773 Constantinopoli,

128 2779 397 2826 memorata
421 2779 648 2828 felicitate
671 2781 906 2841 Pompeii,
940 2783 1018 2829 cui
1039 2785 1102 2829 de
1122 2793 1223 2830 tam
1246 2783 1334 2829 im·
1400 2783 1485 2828 sed
1507 2782 1637 2840 quod
1659 2788 1734 2826 est
1756 2780 1818 2826 ad
1843 2778 2066 2838 paludem
2088 2778 2311 2836 Moeostn,
2330 2777 2468 2840 cujus
2499 2791 2610 2838 reg-

129 2842 241 2889 beni
279 2856 457 2904 genero
491 2843 700 2891 hostium
734 2845 980 2905 proecipua
1015 2846 1194 2893 militiai
1228 2845 1335 2892 laus
1399 2859 1515 2892 num
1538 2844 1816 2891 Pharnaces
1839 2841 2083 2889 amiserat.
