<?xml version="1.0" encoding="UTF-8"?>
<!DOCTYPE html PUBLIC "-//W3C//DTD XHTML 1.0 Transitional//EN"
    "http://www.w3.org/TR/xhtml1/DTD/xhtml1-transitional.dtd">
<html xmlns="http://www.w3.org/1999/xhtml" xml:lang="en" lang="en">
 <head>
  <title>
</title>
<meta http-equiv="Content-Type" content="text/html;charset=utf-8" />
  <meta name='ocr-system' content='tesseract 3.04.00' />
  <meta name='ocr-capabilities' content='ocr_page ocr_carea ocr_par ocr_line ocrx_word'/>
</head>
<body>
  <div class='ocr_page' id='page_1' title='image "./cjuliicaesarisq00celsgoog_0111.png"; bbox 0 0 3059 5050; ppageno 0'>
   <div class='ocr_carea' id='block_1_1' title="bbox 1157 210 1596 285">
    <p class='ocr_par' dir='ltr' id='par_1_1' title="bbox 1157 210 1596 285">
     <span class='ocr_line' id='line_1_1' title="bbox 1157 210 1596 285; baseline -0.007 0"><span class='ocrx_word' id='word_1_1' title='bbox 1157 216 1472 285; x_wconf 81' lang='lat' dir='ltr'><strong>-LIBER</strong></span> <span class='ocrx_word' id='word_1_2' title='bbox 1511 210 1596 282; x_wconf 81' lang='lat' dir='ltr'>V.</span> 
     </span>
    </p>
   </div>
   <div class='ocr_carea' id='block_1_2' title="bbox 195 363 2527 450">
    <p class='ocr_par' dir='ltr' id='par_1_2' title="bbox 195 363 2527 450">
     <span class='ocr_line' id='line_1_2' title="bbox 195 363 2527 450; baseline 0.001 -21"><span class='ocrx_word' id='word_1_3' title='bbox 195 366 308 429; x_wconf 85' lang='lat' dir='ltr'>nit:</span> <span class='ocrx_word' id='word_1_4' title='bbox 348 376 527 446; x_wconf 85' lang='lat' dir='ltr'>atque</span> <span class='ocrx_word' id='word_1_5' title='bbox 555 363 706 441; x_wconf 83' lang='lat' dir='ltr'>haec,</span> <span class='ocrx_word' id='word_1_6' title='bbox 736 365 845 426; x_wconf 86' lang='lat' dir='ltr'>etsi</span> <span class='ocrx_word' id='word_1_7' title='bbox 887 377 1059 428; x_wconf 88' lang='lat' dir='ltr'>erant</span> <span class='ocrx_word' id='word_1_8' title='bbox 1100 366 1328 447; x_wconf 82' lang='lat' dir='ltr'>exigua</span> <span class='ocrx_word' id='word_1_9' title='bbox 1370 387 1478 450; x_wconf 89' lang='lat' dir='ltr'>per</span> <span class='ocrx_word' id='word_1_10' title='bbox 1520 386 1603 442; x_wconf 87' lang='lat' dir='ltr'>se,</span> <span class='ocrx_word' id='word_1_11' title='bbox 1645 364 1752 427; x_wconf 73' lang='lat' dir='ltr'>vix&#39;</span> <span class='ocrx_word' id='word_1_12' title='bbox 1797 364 2109 431; x_wconf 77' lang='lat' dir='ltr'>hominum</span> <span class='ocrx_word' id='word_1_13' title='bbox 2138 365 2389 431; x_wconf 84' lang='lat' dir='ltr'>millium</span> <span class='ocrx_word' id='word_1_14' title='bbox 2412 389 2527 432; x_wconf 83' lang='lat' dir='ltr'>vu.</span> 
     </span>
    </p>
   </div>
   <div class='ocr_carea' id='block_1_3' title="bbox 193 448 1040 534">
    <p class='ocr_par' dir='ltr' id='par_1_3' title="bbox 193 448 1040 534">
     <span class='ocr_line' id='line_1_3' title="bbox 193 448 1040 534; baseline -0.002 -22"><span class='ocrx_word' id='word_1_15' title='bbox 193 449 509 534; x_wconf 65' lang='lat' dir='ltr'>praesertim</span> <span class='ocrx_word' id='word_1_16' title='bbox 557 448 733 509; x_wconf 89' lang='lat' dir='ltr'>nullis</span> <span class='ocrx_word' id='word_1_17' title='bbox 778 469 916 511; x_wconf 90' lang='lat' dir='ltr'>cum</span> <span class='ocrx_word' id='word_1_18' title='bbox 959 450 1040 510; x_wconf 90' lang='lat' dir='ltr'>im</span> 
     </span>
    </p>
   </div>
   <div class='ocr_carea' id='block_1_4' title="bbox 1042 449 2531 535">
    <p class='ocr_par' dir='ltr' id='par_1_4' title="bbox 1042 449 2531 535">
     <span class='ocr_line' id='line_1_4' title="bbox 1042 449 2531 535; baseline 0.003 -24"><span class='ocrx_word' id='word_1_19' title='bbox 1042 451 1426 532; x_wconf 82' lang='lat' dir='ltr'>pedimentis:</span> <span class='ocrx_word' id='word_1_20' title='bbox 1469 463 1671 511; x_wconf 90' lang='lat' dir='ltr'>tamen</span> <span class='ocrx_word' id='word_1_21' title='bbox 1714 449 2008 530; x_wconf 76' lang='lat' dir='ltr'>angustiis</span> <span class='ocrx_word' id='word_1_22' title='bbox 2049 452 2306 528; x_wconf 83' lang='lat' dir='ltr'>viarum,</span> <span class='ocrx_word' id='word_1_23' title='bbox 2349 454 2531 535; x_wconf 71' lang='lat' dir='ltr'>quam</span> 
     </span>
    </p>
   </div>
   <div class='ocr_carea' id='block_1_5' title="bbox 191 533 2631 844">
    <p class='ocr_par' dir='ltr' id='par_1_5' title="bbox 191 533 2631 844">
     <span class='ocr_line' id='line_1_5' title="bbox 193 533 2532 620; baseline 0.002 -25"><span class='ocrx_word' id='word_1_24' title='bbox 193 533 447 595; x_wconf 78' lang='lat' dir='ltr'>maxime</span> <span class='ocrx_word' id='word_1_25' title='bbox 476 545 690 614; x_wconf 87' lang='lat' dir='ltr'>potest,</span> <span class='ocrx_word' id='word_1_26' title='bbox 721 534 1040 610; x_wconf 87' lang='lat' dir='ltr'>contrahit,</span> <span class='ocrx_word' id='word_1_27' title='bbox 1083 555 1158 595; x_wconf 90' lang='lat' dir='ltr'>eo</span> <span class='ocrx_word' id='word_1_28' title='bbox 1186 533 1458 610; x_wconf 88' lang='lat' dir='ltr'>consilio,</span> <span class='ocrx_word' id='word_1_29' title='bbox 1503 546 1571 594; x_wconf 91' lang='lat' dir='ltr'>ut</span> <span class='ocrx_word' id='word_1_30' title='bbox 1597 533 1659 594; x_wconf 93' lang='lat' dir='ltr'>in</span> <span class='ocrx_word' id='word_1_31' title='bbox 1690 554 1985 595; x_wconf 86' lang='lat' dir='ltr'>summam</span> <span class='ocrx_word' id='word_1_32' title='bbox 2026 537 2532 620; x_wconf 79' lang='lat' dir='ltr'>contemptionem</span> 
     </span>
     <span class='ocr_line' id='line_1_6' title="bbox 191 615 2536 701; baseline 0.002 -22"><span class='ocrx_word' id='word_1_33' title='bbox 191 617 450 679; x_wconf 85' lang='lat' dir='ltr'>hostibus</span> <span class='ocrx_word' id='word_1_34' title='bbox 468 616 687 677; x_wconf 85' lang='lat' dir='ltr'>veniat.</span> <span class='ocrx_word' id='word_1_35' title='bbox 776 615 1022 678; x_wconf 83' lang='lat' dir='ltr'>Interim</span> <span class='ocrx_word' id='word_1_36' title='bbox 1053 617 1527 699; x_wconf 78' lang='lat' dir='ltr'>speculatoribus</span> <span class='ocrx_word' id='word_1_37' title='bbox 1550 617 1613 679; x_wconf 91' lang='lat' dir='ltr'>in</span> <span class='ocrx_word' id='word_1_38' title='bbox 1643 638 1850 679; x_wconf 87' lang='lat' dir='ltr'>omnes</span> <span class='ocrx_word' id='word_1_39' title='bbox 1878 630 2079 701; x_wconf 88' lang='lat' dir='ltr'>partes</span> <span class='ocrx_word' id='word_1_40' title='bbox 2121 620 2400 697; x_wconf 88' lang='lat' dir='ltr'>dimissis,</span> <span class='ocrx_word' id='word_1_41' title='bbox 2430 642 2536 683; x_wconf 82' lang='lat' dir='ltr'>ex-</span> 
     </span>
     <span class='ocr_line' id='line_1_7' title="bbox 196 698 2631 844; baseline 0.002 -82"><span class='ocrx_word' id='word_1_42' title='bbox 196 700 559 844; x_wconf 51' lang='lat' dir='ltr'>ploracvquo</span> <span class='ocrx_word' id='word_1_43' title='bbox 589 701 1072 761; x_wconf 80' lang='lat' dir='ltr'>commodissime</span> <span class='ocrx_word' id='word_1_44' title='bbox 1104 702 1313 763; x_wconf 91' lang='lat' dir='ltr'>itinere</span> <span class='ocrx_word' id='word_1_45' title='bbox 1336 698 1551 763; x_wconf 85' lang='lat' dir='ltr'>vallem</span> <span class='ocrx_word' id='word_1_46' title='bbox 1583 702 1831 763; x_wconf 88' lang='lat' dir='ltr'>transire</span> <span class='ocrx_word' id='word_1_47' title='bbox 1848 716 2068 784; x_wconf 79' lang='lat' dir='ltr'>posset.</span> <span class='ocrx_word' id='word_1_48' title='bbox 2577 704 2631 767; x_wconf 71' lang='grc' dir='ltr'>δ’</span> 
     </span>
    </p>
   </div>
   <div class='ocr_carea' id='block_1_6' title="bbox 266 782 391 846">
    <p class='ocr_par' dir='ltr' id='par_1_6' title="bbox 266 782 391 846">
     <span class='ocr_line' id='line_1_8' title="bbox 266 782 391 846; baseline 0 -2"><span class='ocrx_word' id='word_1_49' title='bbox 266 782 391 846; x_wconf 90' lang='lat' dir='ltr'>XL</span> 
     </span>
    </p>
   </div>
   <div class='ocr_carea' id='block_1_7' title="bbox 486 782 2538 868">
    <p class='ocr_par' dir='ltr' id='par_1_7' title="bbox 486 782 2538 868">
     <span class='ocr_line' id='line_1_9' title="bbox 486 782 2538 868; baseline 0.003 -24"><span class='ocrx_word' id='word_1_50' title='bbox 486 782 570 845; x_wconf 90' lang='grc' dir='ltr'>ΙΙ.</span> <span class='ocrx_word' id='word_1_51' title='bbox 615 782 715 844; x_wconf 85' lang='lat' dir='ltr'>Eo</span> <span class='ocrx_word' id='word_1_52' title='bbox 743 785 840 845; x_wconf 93' lang='lat' dir='ltr'>die</span> <span class='ocrx_word' id='word_1_53' title='bbox 869 785 1133 867; x_wconf 87' lang='lat' dir='ltr'>parvulis</span> <span class='ocrx_word' id='word_1_54' title='bbox 1162 786 1533 867; x_wconf 81' lang='lat' dir='ltr'><strong>equestribus</strong></span> <span class='ocrx_word' id='word_1_55' title='bbox 1556 785 1782 868; x_wconf 87' lang='lat' dir='ltr'>proeliis</span> <span class='ocrx_word' id='word_1_56' title='bbox 1808 786 1884 847; x_wconf 88' lang='lat' dir='ltr'>ad</span> <span class='ocrx_word' id='word_1_57' title='bbox 1915 807 2131 868; x_wconf 90' lang='lat' dir='ltr'>aquam</span> <span class='ocrx_word' id='word_1_58' title='bbox 2162 786 2354 865; x_wconf 65' lang='lat' dir='ltr'>fact‘ss,</span> <span class='ocrx_word' id='word_1_59' title='bbox 2390 789 2538 850; x_wconf 88' lang='lat' dir='ltr'>utri-</span> 
     </span>
    </p>
   </div>
   <div class='ocr_carea' id='block_1_8' title="bbox 189 867 2538 1014">
    <p class='ocr_par' dir='ltr' id='par_1_8' title="bbox 189 867 2538 1014">
     <span class='ocr_line' id='line_1_10' title="bbox 189 867 2538 1014; baseline 0.003 -85"><span class='ocrx_word' id='word_1_60' title='bbox 189 889 299 1014; x_wconf 60' lang='lat' dir='ltr'>que</span> <span class='ocrx_word' id='word_1_61' title='bbox 330 889 456 929; x_wconf 90' lang='lat' dir='ltr'>sese</span> <span class='ocrx_word' id='word_1_62' title='bbox 485 889 595 929; x_wconf 90' lang='lat' dir='ltr'>suo</span> <span class='ocrx_word' id='word_1_63' title='bbox 619 867 755 929; x_wconf 91' lang='lat' dir='ltr'>loco</span> <span class='ocrx_word' id='word_1_64' title='bbox 785 869 1108 931; x_wconf 88' lang='lat' dir='ltr'>continent.</span> <span class='ocrx_word' id='word_1_65' title='bbox 1198 868 1381 945; x_wconf 86' lang='lat' dir='ltr'>Galli,</span> <span class='ocrx_word' id='word_1_66' title='bbox 1413 870 1578 951; x_wconf 78' lang='lat' dir='ltr'>quod</span> <span class='ocrx_word' id='word_1_67' title='bbox 1615 869 1937 952; x_wconf 86' lang='lat' dir='ltr'>ampliores</span> <span class='ocrx_word' id='word_1_68' title='bbox 1964 871 2190 954; x_wconf 84' lang='lat' dir='ltr'>copias,</span> <span class='ocrx_word' id='word_1_69' title='bbox 2218 892 2360 953; x_wconf 82' lang='lat' dir='ltr'>quae</span> <span class='ocrx_word' id='word_1_70' title='bbox 2384 893 2538 935; x_wconf 75' lang='lat' dir='ltr'>uon·</span> 
     </span>
    </p>
   </div>
   <div class='ocr_carea' id='block_1_9' title="bbox 182 952 2623 1624">
    <p class='ocr_par' dir='ltr' id='par_1_9' title="bbox 182 952 2623 1624">
     <span class='ocr_line' id='line_1_11' title="bbox 229 952 2539 1035; baseline 0.003 -23"><span class='ocrx_word' id='word_1_71' title='bbox 229 973 324 1013; x_wconf 90' lang='lat' dir='ltr'>um</span> <span class='ocrx_word' id='word_1_72' title='bbox 356 966 779 1029; x_wconf 87' lang='lat' dir='ltr'>convenerant,</span> <span class='ocrx_word' id='word_1_73' title='bbox 810 954 1266 1035; x_wconf 79' lang='lat' dir='ltr'><strong>exspectabant:</strong></span> <span class='ocrx_word' id='word_1_74' title='bbox 1313 952 1549 1029; x_wconf 85' lang='lat' dir='ltr'>Caesar,</span> <span class='ocrx_word' id='word_1_75' title='bbox 1593 954 1641 1014; x_wconf 89' lang='lat' dir='ltr'>si</span> <span class='ocrx_word' id='word_1_76' title='bbox 1689 955 1842 1014; x_wconf 77' lang='lat' dir='ltr'>sorte</span> <span class='ocrx_word' id='word_1_77' title='bbox 1892 954 2120 1016; x_wconf 88' lang='lat' dir='ltr'>timoris</span> <span class='ocrx_word' id='word_1_78' title='bbox 2160 955 2539 1018; x_wconf 72' lang='lat' dir='ltr'><strong>simulatione</strong></span> 
     </span>
     <span class='ocr_line' id='line_1_12' title="bbox 186 1035 2537 1136; baseline 0.002 -39"><span class='ocrx_word' id='word_1_79' title='bbox 186 1036 379 1098; x_wconf 87' lang='lat' dir='ltr'>hostes</span> <span class='ocrx_word' id='word_1_80' title='bbox 404 1035 468 1097; x_wconf 91' lang='lat' dir='ltr'>in</span> <span class='ocrx_word' id='word_1_81' title='bbox 499 1056 668 1097; x_wconf 89' lang='lat' dir='ltr'>suum</span> <span class='ocrx_word' id='word_1_82' title='bbox 696 1036 892 1098; x_wconf 90' lang='lat' dir='ltr'>locum</span> <span class='ocrx_word' id='word_1_83' title='bbox 923 1037 1135 1099; x_wconf 86' lang='lat' dir='ltr'>elicere</span> <span class='ocrx_word' id='word_1_84' title='bbox 1158 1050 1358 1119; x_wconf 90' lang='lat' dir='ltr'>posset</span> <span class='ocrx_word' id='word_1_85' title='bbox 1400 1037 1555 1099; x_wconf 85' lang='lat' dir='ltr'>citra</span> <span class='ocrx_word' id='word_1_86' title='bbox 1581 1037 1819 1113; x_wconf 88' lang='lat' dir='ltr'>vallem,</span> <span class='ocrx_word' id='word_1_87' title='bbox 1852 1051 1916 1099; x_wconf 89' lang='lat' dir='ltr'>ut</span> <span class='ocrx_word' id='word_1_88' title='bbox 1943 1059 2055 1136; x_wconf 85' lang='lat' dir='ltr'>pro</span> <span class='ocrx_word' id='word_1_89' title='bbox 2084 1041 2290 1101; x_wconf 70' lang='lat' dir='ltr'>casu‘is</span> <span class='ocrx_word' id='word_1_90' title='bbox 2320 1040 2537 1122; x_wconf 73' lang='lat' dir='ltr'>proelio</span> 
     </span>
     <span class='ocr_line' id='line_1_13' title="bbox 189 1119 2623 1204; baseline 0.003 -24"><span class='ocrx_word' id='word_1_91' title='bbox 189 1119 596 1181; x_wconf 81' lang='lat' dir='ltr'>contenderet:</span> <span class='ocrx_word' id='word_1_92' title='bbox 642 1120 689 1181; x_wconf 91' lang='lat' dir='ltr'>si</span> <span class='ocrx_word' id='word_1_93' title='bbox 720 1122 781 1183; x_wconf 93' lang='lat' dir='ltr'>id</span> <span class='ocrx_word' id='word_1_94' title='bbox 807 1121 1039 1182; x_wconf 90' lang='lat' dir='ltr'>efficere</span> <span class='ocrx_word' id='word_1_95' title='bbox 1067 1142 1192 1183; x_wconf 88' lang='lat' dir='ltr'>non</span> <span class='ocrx_word' id='word_1_96' title='bbox 1222 1135 1441 1203; x_wconf 87' lang='lat' dir='ltr'>posset,</span> <span class='ocrx_word' id='word_1_97' title='bbox 1474 1136 1558 1197; x_wconf 88' lang='lat' dir='ltr'>ut,</span> <span class='ocrx_word' id='word_1_98' title='bbox 1589 1121 1915 1204; x_wconf 83' lang='lat' dir='ltr'>exploratis</span> <span class='ocrx_word' id='word_1_99' title='bbox 1949 1123 2277 1199; x_wconf 74' lang='lat' dir='ltr'>itineribu8‚</span> <span class='ocrx_word' id='word_1_100' title='bbox 2307 1124 2623 1188; x_wconf 66' lang='lat' dir='ltr'>minorem</span> 
     </span>
     <span class='ocr_line' id='line_1_14' title="bbox 189 1202 2541 1289; baseline 0.003 -25"><span class='ocrx_word' id='word_1_101' title='bbox 189 1225 316 1264; x_wconf 90' lang='lat' dir='ltr'>cum</span> <span class='ocrx_word' id='word_1_102' title='bbox 346 1202 618 1286; x_wconf 90' lang='lat' dir='ltr'>periculo</span> <span class='ocrx_word' id='word_1_103' title='bbox 641 1204 856 1267; x_wconf 90' lang='lat' dir='ltr'>vallem</span> <span class='ocrx_word' id='word_1_104' title='bbox 890 1206 1202 1287; x_wconf 79' lang='lat' dir='ltr'>rivumque</span> <span class='ocrx_word' id='word_1_105' title='bbox 1233 1206 1524 1267; x_wconf 79' lang='lat' dir='ltr'>transiret.</span> <span class='ocrx_word' id='word_1_106' title='bbox 1610 1203 1821 1266; x_wconf 64' lang='lat' dir='ltr'>Prima</span> <span class='ocrx_word' id='word_1_107' title='bbox 1861 1205 1995 1268; x_wconf 91' lang='lat' dir='ltr'>luce</span> <span class='ocrx_word' id='word_1_108' title='bbox 2022 1206 2281 1269; x_wconf 81' lang='lat' dir='ltr'>hostium</span> <span class='ocrx_word' id='word_1_109' title='bbox 2310 1208 2541 1289; x_wconf 83' lang='lat' dir='ltr'>equita-</span> 
     </span>
     <span class='ocr_line' id='line_1_15' title="bbox 186 1288 2537 1372; baseline 0.002 -24"><span class='ocrx_word' id='word_1_110' title='bbox 186 1303 273 1348; x_wconf 88' lang='lat' dir='ltr'>tus</span> <span class='ocrx_word' id='word_1_111' title='bbox 319 1288 397 1349; x_wconf 87' lang='lat' dir='ltr'>ad</span> <span class='ocrx_word' id='word_1_112' title='bbox 442 1301 640 1349; x_wconf 86' lang='lat' dir='ltr'>castra</span> <span class='ocrx_word' id='word_1_113' title='bbox 683 1290 933 1365; x_wconf 85' lang='lat' dir='ltr'>accedit,</span> <span class='ocrx_word' id='word_1_114' title='bbox 979 1289 1380 1372; x_wconf 89' lang='lat' dir='ltr'>proeliumque</span> <span class='ocrx_word' id='word_1_115' title='bbox 1427 1311 1564 1351; x_wconf 90' lang='lat' dir='ltr'>cum</span> <span class='ocrx_word' id='word_1_116' title='bbox 1611 1290 1827 1352; x_wconf 89' lang='lat' dir='ltr'>nostris</span> <span class='ocrx_word' id='word_1_117' title='bbox 1868 1290 2166 1372; x_wconf 85' lang='lat' dir='ltr'>equitibus</span> <span class='ocrx_word' id='word_1_118' title='bbox 2203 1292 2537 1354; x_wconf 85' lang='lat' dir='ltr'>committit.</span> 
     </span>
     <span class='ocr_line' id='line_1_16' title="bbox 187 1370 2542 1457; baseline 0.002 -24"><span class='ocrx_word' id='word_1_119' title='bbox 187 1370 402 1434; x_wconf 85' lang='lat' dir='ltr'>Caesar</span> <span class='ocrx_word' id='word_1_120' title='bbox 425 1371 695 1433; x_wconf 77' lang='lat' dir='ltr'>consulto</span> <span class='ocrx_word' id='word_1_121' title='bbox 727 1373 955 1454; x_wconf 80' lang='lat' dir='ltr'>equites</span> <span class='ocrx_word' id='word_1_122' title='bbox 979 1373 1211 1448; x_wconf 88' lang='lat' dir='ltr'>cedere,</span> <span class='ocrx_word' id='word_1_123' title='bbox 1257 1394 1436 1454; x_wconf 85' lang='lat' dir='ltr'>seque</span> <span class='ocrx_word' id='word_1_124' title='bbox 1477 1373 1540 1435; x_wconf 88' lang='lat' dir='ltr'>in</span> <span class='ocrx_word' id='word_1_125' title='bbox 1583 1387 1781 1436; x_wconf 83' lang='lat' dir='ltr'>castra</span> <span class='ocrx_word' id='word_1_126' title='bbox 1826 1374 2092 1457; x_wconf 88' lang='lat' dir='ltr'>recipere</span> <span class='ocrx_word' id='word_1_127' title='bbox 2105 1376 2321 1456; x_wconf 85' lang='lat' dir='ltr'>jubet:</span> <span class='ocrx_word' id='word_1_128' title='bbox 2365 1375 2542 1437; x_wconf 89' lang='lat' dir='ltr'>simul</span> 
     </span>
     <span class='ocr_line' id='line_1_17' title="bbox 182 1456 2541 1541; baseline 0.003 -25"><span class='ocrx_word' id='word_1_129' title='bbox 182 1477 258 1517; x_wconf 83' lang='lat' dir='ltr'>ex</span> <span class='ocrx_word' id='word_1_130' title='bbox 289 1456 570 1517; x_wconf 87' lang='lat' dir='ltr'>omnibus</span> <span class='ocrx_word' id='word_1_131' title='bbox 598 1457 871 1539; x_wconf 88' lang='lat' dir='ltr'>partibus</span> <span class='ocrx_word' id='word_1_132' title='bbox 893 1470 1091 1519; x_wconf 85' lang='lat' dir='ltr'>castra</span> <span class='ocrx_word' id='word_1_133' title='bbox 1116 1457 1326 1519; x_wconf 76' lang='lat' dir='ltr'>altiore</span> <span class='ocrx_word' id='word_1_134' title='bbox 1356 1457 1517 1519; x_wconf 88' lang='lat' dir='ltr'>vallo</span> <span class='ocrx_word' id='word_1_135' title='bbox 1560 1459 1798 1534; x_wconf 84' lang='lat' dir='ltr'>muniri,</span> <span class='ocrx_word' id='word_1_136' title='bbox 1828 1471 2152 1541; x_wconf 84' lang='lat' dir='ltr'>portasque</span> <span class='ocrx_word' id='word_1_137' title='bbox 2174 1460 2425 1536; x_wconf 84' lang='lat' dir='ltr'>obstrui,</span> <span class='ocrx_word' id='word_1_138' title='bbox 2451 1472 2541 1522; x_wconf 80' lang='lat' dir='ltr'>at·</span> 
     </span>
     <span class='ocr_line' id='line_1_18' title="bbox 183 1539 2620 1624; baseline 0.003 -25"><span class='ocrx_word' id='word_1_139' title='bbox 183 1560 295 1620; x_wconf 89' lang='lat' dir='ltr'>que</span> <span class='ocrx_word' id='word_1_140' title='bbox 319 1540 386 1601; x_wconf 91' lang='lat' dir='ltr'>in</span> <span class='ocrx_word' id='word_1_141' title='bbox 415 1539 486 1600; x_wconf 93' lang='lat' dir='ltr'>iis</span> <span class='ocrx_word' id='word_1_142' title='bbox 510 1540 996 1603; x_wconf 81' lang='lat' dir='ltr'>administrandis</span> <span class='ocrx_word' id='word_1_143' title='bbox 1019 1543 1194 1602; x_wconf 86' lang='lat' dir='ltr'>rebus</span> <span class='ocrx_word' id='word_1_144' title='bbox 1225 1542 1406 1624; x_wconf 72' lang='lat' dir='ltr'>quam</span> <span class='ocrx_word' id='word_1_145' title='bbox 1435 1542 1701 1604; x_wconf 76' lang='lat' dir='ltr'>maxim&#39;e</span> <span class='ocrx_word' id='word_1_146' title='bbox 1723 1543 2090 1619; x_wconf 84' lang='lat' dir='ltr'>concursari,</span> <span class='ocrx_word' id='word_1_147' title='bbox 2113 1557 2174 1605; x_wconf 83' lang='lat' dir='ltr'>et</span> <span class='ocrx_word' id='word_1_148' title='bbox 2195 1565 2332 1605; x_wconf 89' lang='lat' dir='ltr'>cum</span> <span class='ocrx_word' id='word_1_149' title='bbox 2358 1544 2620 1607; x_wconf 75' lang='lat' dir='ltr'>simu-15</span> 
     </span>
    </p>
   </div>
   <div class='ocr_carea' id='block_1_10' title="bbox 179 1623 1010 1705">
    <p class='ocr_par' dir='ltr' id='par_1_10' title="bbox 179 1623 1010 1705">
     <span class='ocr_line' id='line_1_19' title="bbox 179 1623 1010 1705; baseline 0.004 -21"><span class='ocrx_word' id='word_1_150' title='bbox 179 1623 407 1685; x_wconf 88' lang='lat' dir='ltr'>latione</span> <span class='ocrx_word' id='word_1_151' title='bbox 438 1624 538 1704; x_wconf 83' lang='lat' dir='ltr'>agi</span> <span class='ocrx_word' id='word_1_152' title='bbox 571 1625 798 1686; x_wconf 89' lang='lat' dir='ltr'>timoris</span> <span class='ocrx_word' id='word_1_153' title='bbox 816 1627 1010 1705; x_wconf 85' lang='lat' dir='ltr'>jubet.</span> 
     </span>
    </p>
   </div>
   <div class='ocr_carea' id='block_1_11' title="bbox 153 1706 2547 1973">
    <p class='ocr_par' dir='ltr' id='par_1_11' title="bbox 153 1706 2547 1973">
     <span class='ocr_line' id='line_1_20' title="bbox 153 1706 2543 1793; baseline 0.002 -24"><span class='ocrx_word' id='word_1_154' title='bbox 153 1763 162 1769; x_wconf 91' lang='lat'>.</span> <span class='ocrx_word' id='word_1_155' title='bbox 259 1706 505 1770; x_wconf 88' lang='lat' dir='ltr'>XLIX.</span> <span class='ocrx_word' id='word_1_156' title='bbox 559 1708 798 1789; x_wconf 76' lang='lat' dir='ltr'>Quibus</span> <span class='ocrx_word' id='word_1_157' title='bbox 841 1711 1118 1770; x_wconf 90' lang='lat' dir='ltr'>omnibus</span> <span class='ocrx_word' id='word_1_158' title='bbox 1160 1711 1338 1771; x_wconf 90' lang='lat' dir='ltr'>rebus</span> <span class='ocrx_word' id='word_1_159' title='bbox 1378 1710 1580 1771; x_wconf 87' lang='lat' dir='ltr'>hostes</span> <span class='ocrx_word' id='word_1_160' title='bbox 1621 1710 1854 1772; x_wconf 85' lang='lat' dir='ltr'>invitati</span> <span class='ocrx_word' id='word_1_161' title='bbox 1882 1711 2091 1793; x_wconf 88' lang='lat' dir='ltr'>copias</span> <span class='ocrx_word' id='word_1_162' title='bbox 2131 1713 2543 1790; x_wconf 80' lang='lat' dir='ltr'>transducunt,</span> 
     </span>
     <span class='ocr_line' id='line_1_21' title="bbox 179 1790 2545 1873; baseline 0.003 -21"><span class='ocrx_word' id='word_1_163' title='bbox 179 1790 499 1873; x_wconf 86' lang='lat' dir='ltr'>aciemque</span> <span class='ocrx_word' id='word_1_164' title='bbox 527 1790 737 1871; x_wconf 89' lang='lat' dir='ltr'>iniquo</span> <span class='ocrx_word' id='word_1_165' title='bbox 765 1791 904 1852; x_wconf 92' lang='lat' dir='ltr'>loco</span> <span class='ocrx_word' id='word_1_166' title='bbox 934 1793 1328 1853; x_wconf 89' lang='lat' dir='ltr'>constituunt:</span> <span class='ocrx_word' id='word_1_167' title='bbox 1372 1793 1588 1853; x_wconf 85' lang='lat' dir='ltr'>nostris</span> <span class='ocrx_word' id='word_1_168' title='bbox 1614 1792 1761 1853; x_wconf 76' lang='lat' dir='ltr'>vero</span> <span class='ocrx_word' id='word_1_169' title='bbox 1801 1795 1980 1855; x_wconf 88' lang='lat' dir='ltr'>etiam</span> <span class='ocrx_word' id='word_1_170' title='bbox 2022 1794 2099 1855; x_wconf 88' lang='lat' dir='ltr'>de</span> <span class='ocrx_word' id='word_1_171' title='bbox 2128 1795 2290 1857; x_wconf 82' lang='lat' dir='ltr'>vallo</span> <span class='ocrx_word' id='word_1_172' title='bbox 2319 1795 2545 1857; x_wconf 86' lang='lat' dir='ltr'>deduc·</span> 
     </span>
     <span class='ocr_line' id='line_1_22' title="bbox 173 1873 2547 1973; baseline 0.002 -38"><span class='ocrx_word' id='word_1_173' title='bbox 173 1875 276 1950; x_wconf 83' lang='lat' dir='ltr'>tis,</span> <span class='ocrx_word' id='word_1_174' title='bbox 310 1874 576 1973; x_wconf 38' lang='lat' dir='ltr'>’prophis</span> <span class='ocrx_word' id='word_1_175' title='bbox 617 1874 932 1949; x_wconf 89' lang='lat' dir='ltr'>accedunt,</span> <span class='ocrx_word' id='word_1_176' title='bbox 978 1887 1036 1935; x_wconf 90' lang='lat' dir='ltr'>et</span> <span class='ocrx_word' id='word_1_177' title='bbox 1084 1873 1203 1935; x_wconf 84' lang='lat' dir='ltr'>tela</span> <span class='ocrx_word' id='word_1_178' title='bbox 1230 1874 1388 1939; x_wconf 85' lang='lat' dir='ltr'>intra</span> <span class='ocrx_word' id='word_1_179' title='bbox 1433 1875 1824 1936; x_wconf 84' lang='lat' dir='ltr'>munitionem</span> <span class='ocrx_word' id='word_1_180' title='bbox 1862 1897 1941 1936; x_wconf 83' lang='lat' dir='ltr'>ex</span> <span class='ocrx_word' id='word_1_181' title='bbox 1970 1877 2247 1940; x_wconf 79' lang='lat' dir='ltr'>omnibus</span> <span class='ocrx_word' id='word_1_182' title='bbox 2276 1879 2547 1961; x_wconf 78' lang='lat' dir='ltr'>partibus</span> 
     </span>
    </p>
   </div>
   <div class='ocr_carea' id='block_1_12' title="bbox 174 1958 558 2116">
    <p class='ocr_par' dir='ltr' id='par_1_12' title="bbox 174 1958 558 2116">
     <span class='ocr_line' id='line_1_23' title="bbox 174 1958 549 2038; baseline -0.005 -19"><span class='ocrx_word' id='word_1_183' title='bbox 174 1958 521 2038; x_wconf 69' lang='lat' dir='ltr'>conjiciunt</span> <span class='ocrx_word' id='word_1_184' title='bbox 534 1978 549 2017; x_wconf 90' lang='lat'>:</span> 
     </span>
     <span class='ocr_line' id='line_1_24' title="bbox 174 2039 558 2116; baseline 0.003 -15"><span class='ocrx_word' id='word_1_185' title='bbox 174 2039 424 2116; x_wconf 85' lang='lat' dir='ltr'>Gallus,</span> <span class='ocrx_word' id='word_1_186' title='bbox 456 2062 558 2102; x_wconf 91' lang='lat' dir='ltr'>seu</span> 
     </span>
    </p>
   </div>
   <div class='ocr_carea' id='block_1_13' title="bbox 586 1958 2629 2116">
    <p class='ocr_par' dir='ltr' id='par_1_13' title="bbox 586 1958 2629 2116">
     <span class='ocr_line' id='line_1_25' title="bbox 586 1958 2629 2101; baseline 0.003 -84"><span class='ocrx_word' id='word_1_187' title='bbox 586 1959 1097 2101; x_wconf 59' lang='lat' dir='ltr'>firaeconibusque</span> <span class='ocrx_word' id='word_1_188' title='bbox 1120 1958 1562 2034; x_wconf 89' lang='lat' dir='ltr'>circummissis,</span> <span class='ocrx_word' id='word_1_189' title='bbox 1601 1959 1973 2041; x_wconf 87' lang='lat' dir='ltr'>pronuntiari</span> <span class='ocrx_word' id='word_1_190' title='bbox 2001 1961 2243 2041; x_wconf 87' lang='lat' dir='ltr'>jubent,</span> <span class='ocrx_word' id='word_1_191' title='bbox 2286 1981 2389 2022; x_wconf 87' lang='lat' dir='ltr'>seu</span> <span class='ocrx_word' id='word_1_192' title='bbox 2414 1962 2629 2044; x_wconf 60' lang='lat' dir='ltr'>quism</span> 
     </span>
     <span class='ocr_line' id='line_1_26' title="bbox 653 2041 2173 2116; baseline 0.004 -16"><span class='ocrx_word' id='word_1_193' title='bbox 653 2062 925 2116; x_wconf 78' lang='lat' dir='ltr'>omanuS,</span> <span class='ocrx_word' id='word_1_194' title='bbox 946 2041 1089 2104; x_wconf 87' lang='lat' dir='ltr'>velit</span> <span class='ocrx_word' id='word_1_195' title='bbox 1117 2055 1255 2103; x_wconf 88' lang='lat' dir='ltr'>ante</span> <span class='ocrx_word' id='word_1_196' title='bbox 1278 2042 1487 2103; x_wconf 88' lang='lat' dir='ltr'>horam</span> <span class='ocrx_word' id='word_1_197' title='bbox 1515 2042 1748 2104; x_wconf 86' lang='lat' dir='ltr'>tertiam</span> <span class='ocrx_word' id='word_1_198' title='bbox 2159 2047 2173 2059; x_wconf 86' lang='lat'><strong>&#39;</strong></span> 
     </span>
    </p>
   </div>
   <div class='ocr_carea' id='block_1_14' title="bbox 1792 2043 2548 2128">
    <p class='ocr_par' dir='ltr' id='par_1_14' title="bbox 1792 2043 2548 2128">
     <span class='ocr_line' id='line_1_27' title="bbox 1792 2043 2548 2128; baseline 0.003 -24"><span class='ocrx_word' id='word_1_199' title='bbox 1792 2043 2548 2128; x_wconf 74' lang='lat' dir='ltr'>adsetransire,sinepe-</span> 
     </span>
    </p>
   </div>
   <div class='ocr_carea' id='block_1_15' title="bbox 173 2124 2626 3216">
    <p class='ocr_par' dir='ltr' id='par_1_15' title="bbox 173 2124 2623 2712">
     <span class='ocr_line' id='line_1_28' title="bbox 173 2124 2548 2208; baseline 0.002 -21"><span class='ocrx_word' id='word_1_200' title='bbox 173 2124 377 2188; x_wconf 88' lang='lat' dir='ltr'>riculo</span> <span class='ocrx_word' id='word_1_201' title='bbox 408 2124 584 2186; x_wconf 89' lang='lat' dir='ltr'>licere</span> <span class='ocrx_word' id='word_1_202' title='bbox 595 2147 615 2202; x_wconf 86' lang='lat'>;</span> <span class='ocrx_word' id='word_1_203' title='bbox 659 2139 799 2206; x_wconf 87' lang='lat' dir='ltr'>post</span> <span class='ocrx_word' id='word_1_204' title='bbox 820 2125 882 2185; x_wconf 90' lang='lat' dir='ltr'>id</span> <span class='ocrx_word' id='word_1_205' title='bbox 909 2137 1138 2207; x_wconf 87' lang='lat' dir='ltr'>tempus</span> <span class='ocrx_word' id='word_1_206' title='bbox 1168 2145 1290 2187; x_wconf 90' lang='lat' dir='ltr'>non</span> <span class='ocrx_word' id='word_1_207' title='bbox 1329 2125 1457 2186; x_wconf 86' lang='lat' dir='ltr'>sore</span> <span class='ocrx_word' id='word_1_208' title='bbox 1483 2138 1868 2208; x_wconf 88' lang='lat' dir='ltr'>potestatem:</span> <span class='ocrx_word' id='word_1_209' title='bbox 1913 2148 1985 2189; x_wconf 92' lang='lat' dir='ltr'>ac</span> <span class='ocrx_word' id='word_1_210' title='bbox 2032 2127 2083 2188; x_wconf 87' lang='lat' dir='ltr'>si</span> <span class='ocrx_word' id='word_1_211' title='bbox 2124 2142 2358 2191; x_wconf 82' lang='lat' dir='ltr'>nostros</span> <span class='ocrx_word' id='word_1_212' title='bbox 2402 2149 2548 2192; x_wconf 82' lang='lat' dir='ltr'>con·</span> 
     </span>
     <span class='ocr_line' id='line_1_29' title="bbox 173 2209 2542 2297; baseline 0.001 -25"><span class='ocrx_word' id='word_1_213' title='bbox 173 2222 566 2292; x_wconf 86' lang='lat' dir='ltr'>tempserunt,</span> <span class='ocrx_word' id='word_1_214' title='bbox 595 2221 664 2269; x_wconf 92' lang='lat' dir='ltr'>ut</span> <span class='ocrx_word' id='word_1_215' title='bbox 706 2209 1022 2270; x_wconf 84' lang='lat' dir='ltr'>obstructis</span> <span class='ocrx_word' id='word_1_216' title='bbox 1051 2209 1115 2270; x_wconf 90' lang='lat' dir='ltr'>in</span> <span class='ocrx_word' id='word_1_217' title='bbox 1151 2210 1451 2291; x_wconf 86' lang='lat' dir='ltr'>specimen</span> <span class='ocrx_word' id='word_1_218' title='bbox 1482 2211 1671 2292; x_wconf 88' lang='lat' dir='ltr'>portis</span> <span class='ocrx_word' id='word_1_219' title='bbox 1715 2209 1967 2292; x_wconf 79' lang='lat' dir='ltr'>singulis</span> <span class='ocrx_word' id='word_1_220' title='bbox 2009 2211 2322 2286; x_wconf 85' lang='lat' dir='ltr'>ordinibus</span> <span class='ocrx_word' id='word_1_221' title='bbox 2346 2213 2542 2297; x_wconf 87' lang='lat' dir='ltr'>cespi-</span> 
     </span>
     <span class='ocr_line' id='line_1_30' title="bbox 182 2292 2547 2376; baseline 0.003 -21"><span class='ocrx_word' id='word_1_222' title='bbox 182 2307 336 2369; x_wconf 89' lang='lat' dir='ltr'>tum,</span> <span class='ocrx_word' id='word_1_223' title='bbox 382 2292 544 2376; x_wconf 75' lang='lat' dir='ltr'>quod</span> <span class='ocrx_word' id='word_1_224' title='bbox 575 2293 648 2354; x_wconf 78' lang='lat' dir='ltr'>ea</span> <span class='ocrx_word' id='word_1_225' title='bbox 695 2313 816 2353; x_wconf 90' lang='lat' dir='ltr'>non</span> <span class='ocrx_word' id='word_1_226' title='bbox 856 2314 1031 2375; x_wconf 90' lang='lat' dir='ltr'>posse</span> <span class='ocrx_word' id='word_1_227' title='bbox 1066 2293 1501 2376; x_wconf 87' lang='lat' dir='ltr'>introrumpere</span> <span class='ocrx_word' id='word_1_228' title='bbox 1529 2294 1904 2371; x_wconf 86' lang='lat' dir='ltr'>videbantur,</span> <span class='ocrx_word' id='word_1_229' title='bbox 1956 2295 2061 2357; x_wconf 81' lang='lat' dir='ltr'>alii</span> <span class='ocrx_word' id='word_1_230' title='bbox 2089 2296 2315 2359; x_wconf 86' lang='lat' dir='ltr'>vallum</span> <span class='ocrx_word' id='word_1_231' title='bbox 2360 2317 2547 2361; x_wconf 88' lang='lat' dir='ltr'>manu</span> 
     </span>
     <span class='ocr_line' id='line_1_31' title="bbox 176 2375 2623 2464; baseline 0.002 -25"><span class='ocrx_word' id='word_1_232' title='bbox 176 2378 488 2453; x_wconf 87' lang='lat' dir='ltr'>scandere,</span> <span class='ocrx_word' id='word_1_233' title='bbox 527 2376 629 2438; x_wconf 89' lang='lat' dir='ltr'>alii</span> <span class='ocrx_word' id='word_1_234' title='bbox 652 2377 842 2438; x_wconf 86' lang='lat' dir='ltr'>fossas</span> <span class='ocrx_word' id='word_1_235' title='bbox 860 2377 1162 2460; x_wconf 89' lang='lat' dir='ltr'>complere</span> <span class='ocrx_word' id='word_1_236' title='bbox 1186 2378 1536 2461; x_wconf 86' lang='lat' dir='ltr'>inciperent.</span> <span class='ocrx_word' id='word_1_237' title='bbox 1623 2375 1804 2440; x_wconf 91' lang='lat' dir='ltr'>Tunc</span> <span class='ocrx_word' id='word_1_238' title='bbox 1835 2377 2070 2456; x_wconf 82' lang='lat' dir='ltr'>Caesar,</span> <span class='ocrx_word' id='word_1_239' title='bbox 2099 2382 2379 2443; x_wconf 82' lang='lat' dir='ltr'>omnibus</span> <span class='ocrx_word' id='word_1_240' title='bbox 2402 2385 2623 2464; x_wconf 71' lang='lat' dir='ltr'>por-25</span> 
     </span>
     <span class='ocr_line' id='line_1_32' title="bbox 176 2460 2547 2546; baseline 0.003 -24"><span class='ocrx_word' id='word_1_241' title='bbox 176 2462 249 2522; x_wconf 92' lang='lat' dir='ltr'>tis</span> <span class='ocrx_word' id='word_1_242' title='bbox 298 2462 612 2545; x_wconf 84' lang='lat' dir='ltr'>eruptione</span> <span class='ocrx_word' id='word_1_243' title='bbox 658 2460 837 2538; x_wconf 67' lang='lat' dir='ltr'>sacta,</span> <span class='ocrx_word' id='word_1_244' title='bbox 867 2461 1253 2545; x_wconf 86' lang='lat' dir='ltr'>equitatuque</span> <span class='ocrx_word' id='word_1_245' title='bbox 1282 2463 1516 2540; x_wconf 90' lang='lat' dir='ltr'>emisso,</span> <span class='ocrx_word' id='word_1_246' title='bbox 1548 2462 1816 2526; x_wconf 76' lang='lat' dir='ltr'>celeriter</span> <span class='ocrx_word' id='word_1_247' title='bbox 1855 2463 2053 2530; x_wconf 81' lang='lat' dir='ltr'>hostes</span> <span class='ocrx_word' id='word_1_248' title='bbox 2076 2463 2183 2527; x_wconf 87' lang='lat' dir='ltr'>dat</span> <span class='ocrx_word' id='word_1_249' title='bbox 2208 2465 2272 2527; x_wconf 89' lang='lat' dir='ltr'>in</span> <span class='ocrx_word' id='word_1_250' title='bbox 2300 2462 2547 2546; x_wconf 75' lang='lat' dir='ltr'>fugam,</span> 
     </span>
     <span class='ocr_line' id='line_1_33' title="bbox 177 2546 2542 2633; baseline 0.003 -26"><span class='ocrx_word' id='word_1_251' title='bbox 177 2549 261 2608; x_wconf 90' lang='lat' dir='ltr'>sic</span> <span class='ocrx_word' id='word_1_252' title='bbox 304 2560 377 2609; x_wconf 90' lang='lat' dir='ltr'>ut</span> <span class='ocrx_word' id='word_1_253' title='bbox 419 2546 664 2608; x_wconf 89' lang='lat' dir='ltr'>omnino</span> <span class='ocrx_word' id='word_1_254' title='bbox 707 2547 1021 2628; x_wconf 81' lang='lat' dir='ltr'>pugnandi</span> <span class='ocrx_word' id='word_1_255' title='bbox 1066 2546 1278 2609; x_wconf 71' lang='lat' dir='ltr'>caussa</span> <span class='ocrx_word' id='word_1_256' title='bbox 1321 2548 1614 2610; x_wconf 84' lang='lat' dir='ltr'>resisteret</span> <span class='ocrx_word' id='word_1_257' title='bbox 1656 2568 1853 2624; x_wconf 85' lang='lat' dir='ltr'>nemo,</span> <span class='ocrx_word' id='word_1_258' title='bbox 1897 2567 2306 2633; x_wconf 79' lang='lat' dir='ltr'>magnumque</span> <span class='ocrx_word' id='word_1_259' title='bbox 2342 2570 2420 2612; x_wconf 85' lang='lat' dir='ltr'>ex</span> <span class='ocrx_word' id='word_1_260' title='bbox 2448 2550 2542 2614; x_wconf 83' lang='lat' dir='ltr'>his</span> 
     </span>
     <span class='ocr_line' id='line_1_34' title="bbox 176 2630 1627 2712; baseline 0.001 -20"><span class='ocrx_word' id='word_1_261' title='bbox 176 2651 496 2694; x_wconf 89' lang='lat' dir='ltr'>numerum</span> <span class='ocrx_word' id='word_1_262' title='bbox 520 2630 761 2706; x_wconf 87' lang='lat' dir='ltr'>occidit,</span> <span class='ocrx_word' id='word_1_263' title='bbox 793 2643 971 2712; x_wconf 87' lang='lat' dir='ltr'>atque</span> <span class='ocrx_word' id='word_1_264' title='bbox 1000 2652 1207 2693; x_wconf 87' lang='lat' dir='ltr'>omnes</span> <span class='ocrx_word' id='word_1_265' title='bbox 1237 2631 1416 2693; x_wconf 87' lang='lat' dir='ltr'>armis</span> <span class='ocrx_word' id='word_1_266' title='bbox 1439 2631 1627 2694; x_wconf 82' lang='lat' dir='ltr'>exuit.</span> 
     </span>
    </p>

    <p class='ocr_par' dir='ltr' id='par_1_16' title="bbox 176 2713 2626 3216">
     <span class='ocr_line' id='line_1_35' title="bbox 257 2713 2541 2800; baseline 0.004 -24"><span class='ocrx_word' id='word_1_267' title='bbox 257 2714 340 2778; x_wconf 90' lang='lat' dir='ltr'>L.</span> <span class='ocrx_word' id='word_1_268' title='bbox 390 2713 667 2796; x_wconf 74' lang='lat' dir='ltr'>Longius</span> <span class='ocrx_word' id='word_1_269' title='bbox 698 2715 977 2796; x_wconf 88' lang='lat' dir='ltr'>prosequi</span> <span class='ocrx_word' id='word_1_270' title='bbox 1005 2716 1245 2791; x_wconf 89' lang='lat' dir='ltr'>veritus,</span> <span class='ocrx_word' id='word_1_271' title='bbox 1271 2715 1437 2797; x_wconf 79' lang='lat' dir='ltr'>quod</span> <span class='ocrx_word' id='word_1_272' title='bbox 1463 2716 1634 2778; x_wconf 83' lang='lat' dir='ltr'>silvae</span> <span class='ocrx_word' id='word_1_273' title='bbox 1662 2716 2031 2800; x_wconf 54' lang='lat' dir='ltr'>”ludesque</span> <span class='ocrx_word' id='word_1_274' title='bbox 2060 2718 2541 2799; x_wconf 75' lang='lat' dir='ltr'>intercedebant3</span> 
     </span>
     <span class='ocr_line' id='line_1_36' title="bbox 177 2798 2626 2883; baseline 0.002 -21"><span class='ocrx_word' id='word_1_275' title='bbox 177 2815 204 2845; x_wconf 63' lang='grc' dir='ltr'><strong>ὃ</strong></span> <span class='ocrx_word' id='word_1_276' title='bbox 230 2821 433 2882; x_wconf 92' lang='lat' dir='ltr'>neque</span> <span class='ocrx_word' id='word_1_277' title='bbox 460 2799 640 2861; x_wconf 90' lang='lat' dir='ltr'>etiam</span> <span class='ocrx_word' id='word_1_278' title='bbox 712 2798 922 2860; x_wconf 83' lang='lat' dir='ltr'>arvulo</span> <span class='ocrx_word' id='word_1_279' title='bbox 952 2799 1306 2861; x_wconf 83' lang='lat' dir='ltr'>detrimento</span> <span class='ocrx_word' id='word_1_280' title='bbox 1336 2800 1575 2862; x_wconf 89' lang='lat' dir='ltr'>illorum</span> <span class='ocrx_word' id='word_1_281' title='bbox 1604 2800 1803 2862; x_wconf 89' lang='lat' dir='ltr'>locum</span> <span class='ocrx_word' id='word_1_282' title='bbox 1830 2801 2087 2883; x_wconf 88' lang='lat' dir='ltr'>relinqui</span> <span class='ocrx_word' id='word_1_283' title='bbox 2110 2802 2376 2880; x_wconf 85' lang='lat' dir='ltr'>videbat,</span> <span class='ocrx_word' id='word_1_284' title='bbox 2408 2807 2626 2867; x_wconf 70' lang='grc' dir='ltr'><strong>σαι-80</strong></span> 
     </span>
     <span class='ocr_line' id='line_1_37' title="bbox 177 2883 2543 2967; baseline 0 -20"><span class='ocrx_word' id='word_1_285' title='bbox 177 2886 359 2947; x_wconf 88' lang='lat' dir='ltr'>nibus</span> <span class='ocrx_word' id='word_1_286' title='bbox 383 2884 503 2945; x_wconf 87' lang='lat' dir='ltr'>suis</span> <span class='ocrx_word' id='word_1_287' title='bbox 527 2883 667 2945; x_wconf 88' lang='lat' dir='ltr'>inco</span> <span class='ocrx_word' id='word_1_288' title='bbox 692 2883 928 2944; x_wconf 91' lang='lat' dir='ltr'>umibus</span> <span class='ocrx_word' id='word_1_289' title='bbox 952 2884 1163 2965; x_wconf 79' lang='lat' dir='ltr'>copiiS,</span> <span class='ocrx_word' id='word_1_290' title='bbox 1193 2884 1404 2944; x_wconf 90' lang='lat' dir='ltr'>eodem</span> <span class='ocrx_word' id='word_1_291' title='bbox 1436 2883 1536 2945; x_wconf 92' lang='lat' dir='ltr'>die</span> <span class='ocrx_word' id='word_1_292' title='bbox 1563 2884 1644 2945; x_wconf 88' lang='lat' dir='ltr'>ad</span> <span class='ocrx_word' id='word_1_293' title='bbox 1681 2883 2041 2947; x_wconf 88' lang='lat' dir='ltr'>Ciceronem</span> <span class='ocrx_word' id='word_1_294' title='bbox 2064 2887 2353 2967; x_wconf 85' lang='lat' dir='ltr'>pervenit.</span> <span class='ocrx_word' id='word_1_295' title='bbox 2439 2886 2543 2948; x_wconf 87' lang='lat' dir='ltr'>In-</span> 
     </span>
     <span class='ocr_line' id='line_1_38' title="bbox 177 2966 2547 3049; baseline 0 -19"><span class='ocrx_word' id='word_1_296' title='bbox 177 2969 415 3032; x_wconf 82' lang='lat' dir='ltr'>stitutas</span> <span class='ocrx_word' id='word_1_297' title='bbox 444 2980 652 3043; x_wconf 84' lang='lat' dir='ltr'>turres,</span> <span class='ocrx_word' id='word_1_298' title='bbox 682 2967 1022 3043; x_wconf 87' lang='lat' dir='ltr'>testudines,</span> <span class='ocrx_word' id='word_1_299' title='bbox 1055 2966 1531 3048; x_wconf 88' lang='lat' dir='ltr'>munitionesque</span> <span class='ocrx_word' id='word_1_300' title='bbox 1556 2967 1814 3028; x_wconf 87' lang='lat' dir='ltr'>hostium</span> <span class='ocrx_word' id='word_1_301' title='bbox 1840 2968 2188 3029; x_wconf 85' lang='lat' dir='ltr'>admiratur.</span> <span class='ocrx_word' id='word_1_302' title='bbox 2265 2968 2547 3049; x_wconf 77' lang='lat' dir='ltr'>Legioue</span> 
     </span>
     <span class='ocr_line' id='line_1_39' title="bbox 177 3049 2544 3136; baseline -0 -22"><span class='ocrx_word' id='word_1_303' title='bbox 177 3052 496 3136; x_wconf 59' lang='lat' dir='ltr'>producta,</span> <span class='ocrx_word' id='word_1_304' title='bbox 527 3050 843 3133; x_wconf 79' lang='lat' dir='ltr'>cognoscit</span> <span class='ocrx_word' id='word_1_305' title='bbox 877 3071 999 3112; x_wconf 90' lang='lat' dir='ltr'>non</span> <span class='ocrx_word' id='word_1_306' title='bbox 1024 3051 1325 3112; x_wconf 88' lang='lat' dir='ltr'>decimum</span> <span class='ocrx_word' id='word_1_307' title='bbox 1348 3070 1647 3132; x_wconf 90' lang='lat' dir='ltr'>quemque</span> <span class='ocrx_word' id='word_1_308' title='bbox 1689 3070 1817 3111; x_wconf 86' lang='lat' dir='ltr'>esse</span> <span class='ocrx_word' id='word_1_309' title='bbox 1846 3049 2116 3114; x_wconf 83' lang='lat' dir='ltr'>relictum</span> <span class='ocrx_word' id='word_1_310' title='bbox 2148 3050 2395 3112; x_wconf 85' lang='lat' dir='ltr'>militem</span> <span class='ocrx_word' id='word_1_311' title='bbox 2417 3052 2544 3113; x_wconf 88' lang='lat' dir='ltr'>sine</span> 
     </span>
     <span class='ocr_line' id='line_1_40' title="bbox 176 3133 2547 3216; baseline -0.002 -16"><span class='ocrx_word' id='word_1_312' title='bbox 176 3138 448 3200; x_wconf 86' lang='lat' dir='ltr'>vulnere.</span> <span class='ocrx_word' id='word_1_313' title='bbox 532 3134 635 3197; x_wconf 82' lang='lat' dir='ltr'>Ex</span> <span class='ocrx_word' id='word_1_314' title='bbox 688 3135 780 3196; x_wconf 92' lang='lat' dir='ltr'>his</span> <span class='ocrx_word' id='word_1_315' title='bbox 838 3135 1115 3197; x_wconf 87' lang='lat' dir='ltr'>omnibus</span> <span class='ocrx_word' id='word_1_316' title='bbox 1148 3134 1388 3215; x_wconf 87' lang='lat' dir='ltr'>judicat</span> <span class='ocrx_word' id='word_1_317' title='bbox 1439 3135 1636 3209; x_wconf 88' lang='lat' dir='ltr'>rebus,</span> <span class='ocrx_word' id='word_1_318' title='bbox 1696 3145 1922 3214; x_wconf 82' lang='lat' dir='ltr'>quanto</span> <span class='ocrx_word' id='word_1_319' title='bbox 1973 3152 2112 3195; x_wconf 86' lang='lat' dir='ltr'>cum</span> <span class='ocrx_word' id='word_1_320' title='bbox 2164 3133 2452 3216; x_wconf 86' lang='lat' dir='ltr'>periculo,</span> <span class='ocrx_word' id='word_1_321' title='bbox 2486 3147 2547 3197; x_wconf 88' lang='lat' dir='ltr'>et</span> 
     </span>
    </p>
   </div>
   <div class='ocr_carea' id='block_1_16' title="bbox 176 3218 1419 3304">
    <p class='ocr_par' dir='ltr' id='par_1_17' title="bbox 176 3218 1419 3304">
     <span class='ocr_line' id='line_1_41' title="bbox 176 3218 1419 3304; baseline -0.005 -20"><span class='ocrx_word' id='word_1_322' title='bbox 176 3220 408 3304; x_wconf 67' lang='lat' dir='ltr'>quanta</span> <span class='ocrx_word' id='word_1_323' title='bbox 428 3221 643 3282; x_wconf 89' lang='lat' dir='ltr'>virtute</span> <span class='ocrx_word' id='word_1_324' title='bbox 689 3220 807 3281; x_wconf 90' lang='lat' dir='ltr'>sint</span> <span class='ocrx_word' id='word_1_325' title='bbox 847 3239 938 3280; x_wconf 88' lang='lat' dir='ltr'>res</span> <span class='ocrx_word' id='word_1_326' title='bbox 968 3218 1419 3280; x_wconf 72' lang='lat' dir='ltr'>administratae.</span> 
     </span>
    </p>
   </div>
   <div class='ocr_carea' id='block_1_17' title="bbox 1517 3216 2636 3300">
    <p class='ocr_par' dir='ltr' id='par_1_18' title="bbox 1517 3216 2636 3300">
     <span class='ocr_line' id='line_1_42' title="bbox 1517 3216 2636 3300; baseline -0.001 -21"><span class='ocrx_word' id='word_1_327' title='bbox 1517 3216 1879 3280; x_wconf 88' lang='lat' dir='ltr'>Ciceronem</span> <span class='ocrx_word' id='word_1_328' title='bbox 1909 3236 2021 3300; x_wconf 92' lang='lat' dir='ltr'>pro</span> <span class='ocrx_word' id='word_1_329' title='bbox 2065 3217 2191 3297; x_wconf 88' lang='lat' dir='ltr'>ejus</span> <span class='ocrx_word' id='word_1_330' title='bbox 2220 3218 2433 3279; x_wconf 91' lang='lat' dir='ltr'>merito</span> <span class='ocrx_word' id='word_1_331' title='bbox 2462 3217 2636 3280; x_wconf 75' lang='lat' dir='ltr'>le-35&#39;</span> 
     </span>
    </p>
   </div>
   <div class='ocr_carea' id='block_1_18' title="bbox 179 3300 2561 3388">
    <p class='ocr_par' dir='ltr' id='par_1_19' title="bbox 179 3300 2561 3388">
     <span class='ocr_line' id='line_1_43' title="bbox 179 3300 2561 3388; baseline -0 -20"><span class='ocrx_word' id='word_1_332' title='bbox 179 3307 545 3388; x_wconf 77' lang='lat' dir='ltr'>gionemque</span> <span class='ocrx_word' id='word_1_333' title='bbox 588 3304 923 3366; x_wconf 87' lang='lat' dir='ltr'>collaudat:</span> <span class='ocrx_word' id='word_1_334' title='bbox 969 3303 1344 3364; x_wconf 90' lang='lat' dir='ltr'>centuriones</span> <span class='ocrx_word' id='word_1_335' title='bbox 1389 3300 1695 3383; x_wconf 81' lang='lat' dir='ltr'>sigillatim</span> <span class='ocrx_word' id='word_1_336' title='bbox 1728 3300 2119 3382; x_wconf 87' lang='lat' dir='ltr'>tribunosque</span> <span class='ocrx_word' id='word_1_337' title='bbox 2147 3301 2401 3363; x_wconf 86' lang='lat' dir='ltr'>militum</span> <span class='ocrx_word' id='word_1_338' title='bbox 2433 3323 2561 3386; x_wconf 90' lang='lat' dir='ltr'>ap-.</span> 
     </span>
    </p>
   </div>
   <div class='ocr_carea' id='block_1_19' title="bbox 176 3390 729 3473">
    <p class='ocr_par' dir='ltr' id='par_1_20' title="bbox 176 3390 729 3473">
     <span class='ocr_line' id='line_1_44' title="bbox 176 3390 729 3473; baseline -0.009 -19"><span class='ocrx_word' id='word_1_339' title='bbox 176 3390 382 3473; x_wconf 84' lang='lat' dir='ltr'>pellat,</span> <span class='ocrx_word' id='word_1_340' title='bbox 457 3409 671 3451; x_wconf 90' lang='lat' dir='ltr'>uorum</span> <span class='ocrx_word' id='word_1_341' title='bbox 696 3409 729 3449; x_wconf 91' lang='lat' dir='ltr'>e</span> 
     </span>
    </p>
   </div>
   <div class='ocr_carea' id='block_1_20' title="bbox 178 3488 366 3537">
    <p class='ocr_par' dir='ltr' id='par_1_21' title="bbox 178 3488 366 3537">
     <span class='ocr_line' id='line_1_45' title="bbox 178 3488 366 3537; baseline 0.011 -2"><span class='ocrx_word' id='word_1_342' title='bbox 178 3488 366 3537; x_wconf 86' lang='lat' dir='ltr'>verat.</span> 
     </span>
    </p>
   </div>
   <div class='ocr_carea' id='block_1_21' title="bbox 553 3381 2544 3551">
    <p class='ocr_par' dir='ltr' id='par_1_22' title="bbox 553 3381 2544 3551">
     <span class='ocr_line' id='line_1_46' title="bbox 839 3381 2544 3468; baseline 0.001 -20"><span class='ocrx_word' id='word_1_343' title='bbox 839 3387 1004 3468; x_wconf 82' lang='lat' dir='ltr'>giam</span> <span class='ocrx_word' id='word_1_344' title='bbox 1030 3386 1205 3448; x_wconf 87' lang='lat' dir='ltr'>fuisse</span> <span class='ocrx_word' id='word_1_345' title='bbox 1230 3386 1528 3461; x_wconf 88' lang='lat' dir='ltr'>virtutem,</span> <span class='ocrx_word' id='word_1_346' title='bbox 1560 3385 1899 3447; x_wconf 88' lang='lat' dir='ltr'>testimonio</span> <span class='ocrx_word' id='word_1_347' title='bbox 1930 3381 2266 3463; x_wconf 88' lang='lat' dir='ltr'>Ciceronis,</span> <span class='ocrx_word' id='word_1_348' title='bbox 2313 3407 2544 3468; x_wconf 80' lang='lat' dir='ltr'>cogno-</span> 
     </span>
     <span class='ocr_line' id='line_1_47' title="bbox 553 3468 2543 3551; baseline 0 -17"><span class='ocrx_word' id='word_1_349' title='bbox 553 3494 696 3535; x_wconf 87' lang='lat' dir='ltr'>casu</span> <span class='ocrx_word' id='word_1_350' title='bbox 774 3471 938 3533; x_wconf 91' lang='lat' dir='ltr'>abini</span> <span class='ocrx_word' id='word_1_351' title='bbox 962 3485 1021 3533; x_wconf 91' lang='lat' dir='ltr'>et</span> <span class='ocrx_word' id='word_1_352' title='bbox 1040 3468 1243 3532; x_wconf 86' lang='lat' dir='ltr'>Cottae</span> <span class='ocrx_word' id='word_1_353' title='bbox 1271 3470 1488 3532; x_wconf 73' lang='lat' dir='ltr'>certius</span> <span class='ocrx_word' id='word_1_354' title='bbox 1505 3490 1583 3531; x_wconf 82' lang='lat' dir='ltr'>ex</span> <span class='ocrx_word' id='word_1_355' title='bbox 1608 3469 1862 3551; x_wconf 86' lang='lat' dir='ltr'>captivis</span> <span class='ocrx_word' id='word_1_356' title='bbox 1884 3470 2220 3551; x_wconf 74' lang='lat' dir='ltr'>cognoscit.</span> <span class='ocrx_word' id='word_1_357' title='bbox 2286 3468 2543 3534; x_wconf 84' lang='lat' dir='ltr'>Postero</span> 
     </span>
    </p>
   </div>
   <div class='ocr_carea' id='block_1_22' title="bbox 179 3551 2607 3742">
    <p class='ocr_par' dir='ltr' id='par_1_23' title="bbox 179 3551 2607 3742">
     <span class='ocr_line' id='line_1_48' title="bbox 179 3551 2607 3637; baseline -0.002 -16"><span class='ocrx_word' id='word_1_358' title='bbox 179 3559 292 3637; x_wconf 86' lang='lat' dir='ltr'>die,</span> <span class='ocrx_word' id='word_1_359' title='bbox 318 3559 617 3620; x_wconf 88' lang='lat' dir='ltr'>concione</span> <span class='ocrx_word' id='word_1_360' title='bbox 639 3556 865 3632; x_wconf 66' lang='lat' dir='ltr'>habita,</span> <span class='ocrx_word' id='word_1_361' title='bbox 897 3576 1019 3617; x_wconf 90' lang='lat' dir='ltr'>rem</span> <span class='ocrx_word' id='word_1_362' title='bbox 1047 3569 1276 3636; x_wconf 83' lang='lat' dir='ltr'>gestam</span> <span class='ocrx_word' id='word_1_363' title='bbox 1307 3555 1624 3637; x_wconf 83' lang='lat' dir='ltr'>proponit:</span> <span class='ocrx_word' id='word_1_364' title='bbox 1671 3551 1885 3615; x_wconf 88' lang='lat' dir='ltr'>milites</span> <span class='ocrx_word' id='word_1_365' title='bbox 1915 3553 2280 3631; x_wconf 87' lang='lat' dir='ltr'>consolatur,</span> <span class='ocrx_word' id='word_1_366' title='bbox 2310 3569 2371 3616; x_wconf 91' lang='lat' dir='ltr'>et</span> <span class='ocrx_word' id='word_1_367' title='bbox 2397 3576 2542 3618; x_wconf 89' lang='lat' dir='ltr'>con·</span> <span class='ocrx_word' id='word_1_368' title='bbox 2597 3572 2607 3582; x_wconf 88' lang='lat'><strong>·</strong></span> 
     </span>
     <span class='ocr_line' id='line_1_49' title="bbox 500 3676 2309 3742; baseline -0.002 -12"><span class='ocrx_word' id='word_1_369' title='bbox 500 3676 2139 3742; x_wconf 62' lang='lat' dir='ltr'>athuiavidobaeaeindedioeedmmsimmagmdanmoipao</span> <span class='ocrx_word' id='word_1_370' title='bbox 2161 3679 2309 3726; x_wconf 73' lang='lat' dir='ltr'>illato.</span> 
     </span>
    </p>
   </div>
   <div class='ocr_carea' id='block_1_23' title="bbox 177 3776 1374 4521">
    <p class='ocr_par' dir='ltr' id='par_1_24' title="bbox 181 3776 1374 3956">
     <span class='ocr_line' id='line_1_50' title="bbox 237 3776 1372 3841; baseline -0.007 -10"><span class='ocrx_word' id='word_1_371' title='bbox 237 3785 284 3832; x_wconf 77' lang='grc'>3.</span> <span class='ocrx_word' id='word_1_372' title='bbox 340 3782 397 3829; x_wconf 79' lang='lat' dir='ltr'>m</span> <span class='ocrx_word' id='word_1_373' title='bbox 436 3780 491 3829; x_wconf 79' lang='lat' dir='ltr'>in</span> <span class='ocrx_word' id='word_1_374' title='bbox 512 3794 740 3829; x_wconf 70' lang='lat' dir='ltr'>mimam</span> <span class='ocrx_word' id='word_1_375' title='bbox 771 3777 1152 3841; x_wconf 72' lang='lat' dir='ltr'>contemptionem</span> <span class='ocrx_word' id='word_1_376' title='bbox 1184 3776 1372 3838; x_wconf 70' lang='lat' dir='ltr'>veniat]</span> 
     </span>
     <span class='ocr_line' id='line_1_51' title="bbox 183 3838 1374 3906; baseline -0.008 -13"><span class='ocrx_word' id='word_1_377' title='bbox 183 3843 546 3906; x_wconf 74' lang='lat' dir='ltr'>stratagematis</span> <span class='ocrx_word' id='word_1_378' title='bbox 576 3841 717 3904; x_wconf 87' lang='lat' dir='ltr'>hujus</span> <span class='ocrx_word' id='word_1_379' title='bbox 748 3842 958 3889; x_wconf 85' lang='lat' dir='ltr'>meminit</span> <span class='ocrx_word' id='word_1_380' title='bbox 987 3840 1259 3896; x_wconf 77' lang='lat' dir='ltr'>Frontinus,</span> <span class='ocrx_word' id='word_1_381' title='bbox 1295 3838 1374 3885; x_wconf 84' lang='lat' dir='ltr'>lib.</span> 
     </span>
     <span class='ocr_line' id='line_1_52' title="bbox 181 3907 450 3956; baseline -0.015 -1"><span class='ocrx_word' id='word_1_382' title='bbox 181 3922 255 3955; x_wconf 89' lang='grc' dir='ltr'><strong>ιιι.</strong></span> <span class='ocrx_word' id='word_1_383' title='bbox 371 3942 383 3953; x_wconf 93' lang='grc'><strong>.</strong></span> <span class='ocrx_word' id='word_1_384' title='bbox 406 3907 450 3956; x_wconf 91' lang='grc'>7.</span> 
     </span>
    </p>

    <p class='ocr_par' dir='ltr' id='par_1_25' title="bbox 179 3920 1372 4080">
     <span class='ocr_line' id='line_1_53' title="bbox 241 3920 1372 4028; baseline -0.007 -13"><span class='ocrx_word' id='word_1_385' title='bbox 241 3920 527 4028; x_wconf 51' lang='grc' dir='ltr'><strong><em>Ῑῖρθψω</em></strong></span> <span class='ocrx_word' id='word_1_386' title='bbox 560 3964 895 4025; x_wconf 63' lang='lat' dir='ltr'>transducunt]</span> <span class='ocrx_word' id='word_1_387' title='bbox 931 3963 1113 4021; x_wconf 88' lang='lat' dir='ltr'>Nempe</span> <span class='ocrx_word' id='word_1_388' title='bbox 1133 3971 1265 4009; x_wconf 83' lang='lat' dir='ltr'>trans</span> <span class='ocrx_word' id='word_1_389' title='bbox 1287 3962 1372 4008; x_wconf 84' lang='lat' dir='ltr'>flu-</span> 
     </span>
     <span class='ocr_line' id='line_1_54' title="bbox 179 4028 1178 4080; baseline -0.005 -3"><span class='ocrx_word' id='word_1_390' title='bbox 179 4032 308 4077; x_wconf 82' lang='lat' dir='ltr'>vium</span> <span class='ocrx_word' id='word_1_391' title='bbox 323 4037 372 4077; x_wconf 80' lang='lat' dir='ltr'>et</span> <span class='ocrx_word' id='word_1_392' title='bbox 390 4028 576 4075; x_wconf 78' lang='lat' dir='ltr'>vallem.</span> <span class='ocrx_word' id='word_1_393' title='bbox 1174 4076 1178 4080; x_wconf 52' lang='lat'>‚</span> 
     </span>
    </p>

    <p class='ocr_par' dir='ltr' id='par_1_26' title="bbox 177 4084 1372 4521">
     <span class='ocr_line' id='line_1_55' title="bbox 238 4084 1372 4149; baseline -0.006 -11"><span class='ocrx_word' id='word_1_394' title='bbox 238 4094 318 4138; x_wconf 83' lang='lat'>23.</span> <span class='ocrx_word' id='word_1_395' title='bbox 357 4089 602 4138; x_wconf 69' lang='lat' dir='ltr'>Obstru-tis</span> <span class='ocrx_word' id='word_1_396' title='bbox 619 4088 673 4135; x_wconf 81' lang='lat' dir='ltr'>in</span> <span class='ocrx_word' id='word_1_397' title='bbox 745 4086 919 4136; x_wconf 70' lang='lat' dir='ltr'>scimea</span> <span class='ocrx_word' id='word_1_398' title='bbox 934 4086 1079 4149; x_wconf 74' lang='lat' dir='ltr'>portis</span> <span class='ocrx_word' id='word_1_399' title='bbox 1091 4084 1372 4147; x_wconf 72' lang='lat' dir='ltr'>singulisor·</span> 
     </span>
     <span class='ocr_line' id='line_1_56' title="bbox 178 4147 1370 4214; baseline -0.007 -12"><span class='ocrx_word' id='word_1_400' title='bbox 178 4152 366 4202; x_wconf 69' lang='lat' dir='ltr'>dinibus</span> <span class='ocrx_word' id='word_1_401' title='bbox 383 4151 640 4214; x_wconf 67' lang='lat' dir='ltr'>cespitum]</span> <span class='ocrx_word' id='word_1_402' title='bbox 723 4163 840 4208; x_wconf 86' lang='lat' dir='ltr'>eque</span> <span class='ocrx_word' id='word_1_403' title='bbox 855 4149 984 4196; x_wconf 83' lang='lat' dir='ltr'>enim</span> <span class='ocrx_word' id='word_1_404' title='bbox 1005 4147 1111 4193; x_wconf 75' lang='lat' dir='ltr'>vere</span> <span class='ocrx_word' id='word_1_405' title='bbox 1133 4158 1268 4194; x_wconf 87' lang='lat' dir='ltr'>erant</span> <span class='ocrx_word' id='word_1_406' title='bbox 1289 4150 1370 4194; x_wconf 86' lang='lat' dir='ltr'>ob·</span> 
     </span>
     <span class='ocr_line' id='line_1_57' title="bbox 179 4208 1372 4272; baseline -0.006 -10"><span class='ocrx_word' id='word_1_407' title='bbox 179 4223 368 4262; x_wconf 71' lang='lat' dir='ltr'>mucoe</span> <span class='ocrx_word' id='word_1_408' title='bbox 383 4228 398 4272; x_wconf 79' lang='lat'><em>3</em></span> <span class='ocrx_word' id='word_1_409' title='bbox 430 4227 526 4261; x_wconf 82' lang='lat' dir='ltr'>nou</span> <span class='ocrx_word' id='word_1_410' title='bbox 554 4211 783 4271; x_wconf 71' lang='lat' dir='ltr'>pluribus,</span> <span class='ocrx_word' id='word_1_411' title='bbox 804 4218 858 4257; x_wconf 84' lang='lat' dir='ltr'>ut</span> <span class='ocrx_word' id='word_1_412' title='bbox 889 4210 1109 4268; x_wconf 87' lang='lat' dir='ltr'>oportuit,</span> <span class='ocrx_word' id='word_1_413' title='bbox 1131 4208 1372 4255; x_wconf 81' lang='lat' dir='ltr'>ordinibus</span> 
     </span>
     <span class='ocr_line' id='line_1_58' title="bbox 179 4270 1371 4336; baseline -0.007 -12"><span class='ocrx_word' id='word_1_414' title='bbox 179 4278 413 4336; x_wconf 78' lang='lat' dir='ltr'>cespitum</span> <span class='ocrx_word' id='word_1_415' title='bbox 448 4283 503 4320; x_wconf 93' lang='lat' dir='ltr'>ut</span> <span class='ocrx_word' id='word_1_416' title='bbox 534 4272 646 4321; x_wconf 75' lang='lat' dir='ltr'>vere</span> <span class='ocrx_word' id='word_1_417' title='bbox 665 4277 1036 4327; x_wconf 82' lang='lat' dir='ltr'>obstruerentur,</span> <span class='ocrx_word' id='word_1_418' title='bbox 1073 4272 1155 4317; x_wconf 84' lang='lat' dir='ltr'>sed</span> <span class='ocrx_word' id='word_1_419' title='bbox 1176 4270 1371 4330; x_wconf 78' lang='lat' dir='ltr'>singulis</span> 
     </span>
     <span class='ocr_line' id='line_1_59' title="bbox 177 4331 1370 4397; baseline -0.007 -12"><span class='ocrx_word' id='word_1_420' title='bbox 177 4347 229 4385; x_wconf 75' lang='lat' dir='ltr'>ut</span> <span class='ocrx_word' id='word_1_421' title='bbox 250 4339 406 4397; x_wconf 78' lang='lat' dir='ltr'>primo</span> <span class='ocrx_word' id='word_1_422' title='bbox 432 4338 610 4395; x_wconf 89' lang='lat' dir='ltr'>impetu</span> <span class='ocrx_word' id='word_1_423' title='bbox 646 4334 989 4391; x_wconf 86' lang='lat' dir='ltr'>erumpentium</span> <span class='ocrx_word' id='word_1_424' title='bbox 1019 4331 1046 4378; x_wconf 80' lang='grc' dir='ltr'>ὲ</span> <span class='ocrx_word' id='word_1_425' title='bbox 1077 4334 1245 4379; x_wconf 78' lang='lat' dir='ltr'>castris</span> <span class='ocrx_word' id='word_1_426' title='bbox 1277 4331 1370 4378; x_wconf 83' lang='lat' dir='ltr'>Ro-</span> 
     </span>
     <span class='ocr_line' id='line_1_60' title="bbox 178 4396 1369 4459; baseline -0.004 -14"><span class='ocrx_word' id='word_1_427' title='bbox 178 4412 427 4446; x_wconf 75' lang='lat' dir='ltr'>manorum</span> <span class='ocrx_word' id='word_1_428' title='bbox 459 4398 788 4459; x_wconf 86' lang='lat' dir='ltr'>dejicerentur,</span> <span class='ocrx_word' id='word_1_429' title='bbox 830 4396 954 4452; x_wconf 81' lang='lat' dir='ltr'>quod</span> <span class='ocrx_word' id='word_1_430' title='bbox 988 4403 1035 4440; x_wconf 85' lang='lat' dir='ltr'>et</span> <span class='ocrx_word' id='word_1_431' title='bbox 1073 4396 1250 4440; x_wconf 82' lang='lat' dir='ltr'>sactum</span> <span class='ocrx_word' id='word_1_432' title='bbox 1283 4400 1369 4440; x_wconf 84' lang='lat' dir='ltr'>est.</span> 
     </span>
     <span class='ocr_line' id='line_1_61' title="bbox 181 4454 1371 4521; baseline -0.008 -12"><span class='ocrx_word' id='word_1_433' title='bbox 181 4460 378 4521; x_wconf 78' lang='lat' dir='ltr'>Legitur</span> <span class='ocrx_word' id='word_1_434' title='bbox 410 4461 535 4507; x_wconf 80' lang='lat' dir='ltr'>enim</span> <span class='ocrx_word' id='word_1_435' title='bbox 577 4456 721 4517; x_wconf 86' lang='lat' dir='ltr'>paulo</span> <span class='ocrx_word' id='word_1_436' title='bbox 755 4456 962 4510; x_wconf 77' lang='lat' dir='ltr'>inferius,</span> <span class='ocrx_word' id='word_1_437' title='bbox 991 4455 1197 4502; x_wconf 74' lang='lat' dir='ltr'>omnibus</span> <span class='ocrx_word' id='word_1_438' title='bbox 1225 4454 1371 4517; x_wconf 78' lang='lat' dir='ltr'>portis</span> 
     </span>
    </p>
   </div>
   <div class='ocr_carea' id='block_1_24' title="bbox 1433 3775 2672 4555">
    <p class='ocr_par' dir='ltr' id='par_1_27' title="bbox 1433 3775 2672 4555">
     <span class='ocr_line' id='line_1_62' title="bbox 1437 3775 2628 3833; baseline -0.002 -9"><span class='ocrx_word' id='word_1_439' title='bbox 1437 3777 1695 3832; x_wconf 81' lang='lat' dir='ltr'>fidentium,</span> <span class='ocrx_word' id='word_1_440' title='bbox 1737 3775 1873 3833; x_wconf 83' lang='lat' dir='ltr'>quasi</span> <span class='ocrx_word' id='word_1_441' title='bbox 1893 3790 1974 3822; x_wconf 83' lang='lat' dir='ltr'>eas</span> <span class='ocrx_word' id='word_1_442' title='bbox 1995 3776 2250 3822; x_wconf 76' lang='lat' dir='ltr'>defendere</span> <span class='ocrx_word' id='word_1_443' title='bbox 2290 3788 2386 3821; x_wconf 84' lang='lat' dir='ltr'>uon</span> <span class='ocrx_word' id='word_1_444' title='bbox 2422 3783 2628 3831; x_wconf 71' lang='grc' dir='ltr'><strong>ροιιακ.</strong></span> 
     </span>
     <span class='ocr_line' id='line_1_63' title="bbox 1497 3835 2627 3897; baseline 0 -13"><span class='ocrx_word' id='word_1_445' title='bbox 1497 3839 1572 3884; x_wconf 79' lang='lat'>24.</span> <span class='ocrx_word' id='word_1_446' title='bbox 1763 3836 1819 3884; x_wconf 78' lang='grc' dir='ltr'>εὰ</span> <span class='ocrx_word' id='word_1_447' title='bbox 1856 3852 1949 3884; x_wconf 77' lang='lat' dir='ltr'>non</span> <span class='ocrx_word' id='word_1_448' title='bbox 2135 3835 2471 3897; x_wconf 67' lang='lat' dir='ltr'>introrumpere</span> <span class='ocrx_word' id='word_1_449' title='bbox 2506 3835 2627 3884; x_wconf 72' lang='lat' dir='ltr'>n’de·</span> 
     </span>
     <span class='ocr_line' id='line_1_64' title="bbox 1436 3897 2627 3961; baseline -0.003 -13"><span class='ocrx_word' id='word_1_450' title='bbox 1436 3900 1641 3961; x_wconf 71' lang='lat' dir='ltr'>bantur]</span> <span class='ocrx_word' id='word_1_451' title='bbox 1676 3898 2020 3946; x_wconf 80' lang='lat' dir='ltr'>Adverbialiter</span> <span class='ocrx_word' id='word_1_452' title='bbox 2054 3898 2349 3952; x_wconf 82' lang='lat' dir='ltr'>sumendum,</span> <span class='ocrx_word' id='word_1_453' title='bbox 2379 3897 2469 3943; x_wconf 80' lang='lat' dir='ltr'>uisi</span> <span class='ocrx_word' id='word_1_454' title='bbox 2507 3898 2627 3944; x_wconf 80' lang='lat' dir='ltr'>forte</span> 
     </span>
     <span class='ocr_line' id='line_1_65' title="bbox 1435 3958 2627 4015; baseline 0 -9"><span class='ocrx_word' id='word_1_455' title='bbox 1435 3963 1657 4007; x_wconf 87' lang='lat' dir='ltr'>mendum</span> <span class='ocrx_word' id='word_1_456' title='bbox 1693 3967 1777 4006; x_wconf 89' lang='lat' dir='ltr'>est.</span> <span class='ocrx_word' id='word_1_457' title='bbox 1853 3959 2055 4006; x_wconf 83' lang='lat' dir='ltr'>Codices</span> <span class='ocrx_word' id='word_1_458' title='bbox 2097 3959 2222 4005; x_wconf 86' lang='lat' dir='ltr'>euim</span> <span class='ocrx_word' id='word_1_459' title='bbox 2265 3958 2408 4015; x_wconf 83' lang='lat' dir='ltr'>aliqui</span> <span class='ocrx_word' id='word_1_460' title='bbox 2450 3960 2627 4006; x_wconf 82' lang='lat' dir='ltr'>habent</span> 
     </span>
     <span class='ocr_line' id='line_1_66' title="bbox 1434 4019 2625 4080; baseline -0.004 -10"><span class='ocrx_word' id='word_1_461' title='bbox 1434 4037 1525 4078; x_wconf 76' lang='lat' dir='ltr'>eas,</span> <span class='ocrx_word' id='word_1_462' title='bbox 1548 4023 1673 4080; x_wconf 89' lang='lat' dir='ltr'>quod</span> <span class='ocrx_word' id='word_1_463' title='bbox 1688 4023 1830 4068; x_wconf 81' lang='lat' dir='ltr'>tutius</span> <span class='ocrx_word' id='word_1_464' title='bbox 1846 4022 2044 4068; x_wconf 81' lang='lat' dir='ltr'>videtur.</span> <span class='ocrx_word' id='word_1_465' title='bbox 2106 4020 2207 4068; x_wconf 81' lang='lat' dir='ltr'>Nec</span> <span class='ocrx_word' id='word_1_466' title='bbox 2224 4019 2349 4066; x_wconf 86' lang='lat' dir='ltr'>enim</span> <span class='ocrx_word' id='word_1_467' title='bbox 2365 4019 2476 4065; x_wconf 87' lang='lat' dir='ltr'>alibi</span> <span class='ocrx_word' id='word_1_468' title='bbox 2498 4020 2625 4077; x_wconf 82' lang='lat' dir='ltr'>apud</span> 
     </span>
     <span class='ocr_line' id='line_1_67' title="bbox 1435 4077 2625 4144; baseline -0.004 -13"><span class='ocrx_word' id='word_1_469' title='bbox 1435 4086 1635 4131; x_wconf 76' lang='lat' dir='ltr'>Antores</span> <span class='ocrx_word' id='word_1_470' title='bbox 1671 4077 1725 4130; x_wconf 71' lang='lat' dir='ltr'>ed</span> <span class='ocrx_word' id='word_1_471' title='bbox 1768 4084 1951 4144; x_wconf 78' lang='lat' dir='ltr'>legitur.</span> <span class='ocrx_word' id='word_1_472' title='bbox 2028 4081 2123 4128; x_wconf 80' lang='lat' dir='ltr'>Hic</span> <span class='ocrx_word' id='word_1_473' title='bbox 2160 4080 2414 4140; x_wconf 84' lang='lat' dir='ltr'>Eutropius</span> <span class='ocrx_word' id='word_1_474' title='bbox 2456 4089 2625 4127; x_wconf 87' lang='lat' dir='ltr'>narrat</span> 
     </span>
     <span class='ocr_line' id='line_1_68' title="bbox 1436 4139 2672 4200; baseline -0.005 -8"><span class='ocrx_word' id='word_1_475' title='bbox 1436 4145 1689 4200; x_wconf 71' lang='lat' dir='ltr'>Caesmm,</span> <span class='ocrx_word' id='word_1_476' title='bbox 1712 4145 1818 4191; x_wconf 75' lang='lat' dir='ltr'>cum</span> <span class='ocrx_word' id='word_1_477' title='bbox 1841 4145 2030 4191; x_wconf 80' lang='lat' dir='ltr'>vidisset</span> <span class='ocrx_word' id='word_1_478' title='bbox 2044 4157 2190 4189; x_wconf 88' lang='lat' dir='ltr'>unum</span> <span class='ocrx_word' id='word_1_479' title='bbox 2206 4143 2266 4189; x_wconf 91' lang='lat' dir='ltr'>de</span> <span class='ocrx_word' id='word_1_480' title='bbox 2287 4141 2382 4188; x_wconf 84' lang='lat' dir='ltr'>suis</span> <span class='ocrx_word' id='word_1_481' title='bbox 2400 4139 2623 4192; x_wconf 68' lang='lat' dir='ltr'>militibus</span> <span class='ocrx_word' id='word_1_482' title='bbox 2666 4170 2672 4176; x_wconf 91' lang='lat'><em>-</em></span> 
     </span>
     <span class='ocr_line' id='line_1_69' title="bbox 1433 4203 2628 4268; baseline -0.004 -14"><span class='ocrx_word' id='word_1_483' title='bbox 1433 4207 1624 4268; x_wconf 84' lang='lat' dir='ltr'>segnius</span> <span class='ocrx_word' id='word_1_484' title='bbox 1645 4206 1952 4264; x_wconf 79' lang='lat' dir='ltr'>proeliantem,</span> <span class='ocrx_word' id='word_1_485' title='bbox 1974 4213 2160 4251; x_wconf 83' lang='lat' dir='ltr'>scutum</span> <span class='ocrx_word' id='word_1_486' title='bbox 2194 4203 2296 4264; x_wconf 86' lang='lat' dir='ltr'>ejus</span> <span class='ocrx_word' id='word_1_487' title='bbox 2333 4203 2545 4261; x_wconf 76' lang='lat' dir='ltr'>rapuisse</span> <span class='ocrx_word' id='word_1_488' title='bbox 2576 4213 2628 4249; x_wconf 81' lang='lat' dir='ltr'>et</span> 
     </span>
     <span class='ocr_line' id='line_1_70' title="bbox 1434 4265 2621 4324; baseline -0.003 -10"><span class='ocrx_word' id='word_1_489' title='bbox 1434 4270 1583 4314; x_wconf 87' lang='lat' dir='ltr'>ruisse</span> <span class='ocrx_word' id='word_1_490' title='bbox 1606 4267 1654 4313; x_wconf 90' lang='lat' dir='ltr'>in</span> <span class='ocrx_word' id='word_1_491' title='bbox 1676 4269 1914 4322; x_wconf 86' lang='lat' dir='ltr'>adversos,</span> <span class='ocrx_word' id='word_1_492' title='bbox 1931 4280 2025 4324; x_wconf 87' lang='lat' dir='ltr'>quo</span> <span class='ocrx_word' id='word_1_493' title='bbox 2041 4267 2171 4312; x_wconf 80' lang='lat' dir='ltr'>sacto</span> <span class='ocrx_word' id='word_1_494' title='bbox 2187 4265 2425 4311; x_wconf 79' lang='lat' dir='ltr'>erubuisse</span> <span class='ocrx_word' id='word_1_495' title='bbox 2446 4265 2621 4310; x_wconf 84' lang='lat' dir='ltr'>exerci-</span> 
     </span>
     <span class='ocr_line' id='line_1_71' title="bbox 1433 4325 2544 4388; baseline -0.004 -12"><span class='ocrx_word' id='word_1_496' title='bbox 1433 4340 1551 4386; x_wconf 88' lang='lat' dir='ltr'>tum,</span> <span class='ocrx_word' id='word_1_497' title='bbox 1568 4343 1817 4387; x_wconf 81' lang='lat' dir='ltr'>versosque</span> <span class='ocrx_word' id='word_1_498' title='bbox 1841 4328 1887 4375; x_wconf 85' lang='lat' dir='ltr'>in</span> <span class='ocrx_word' id='word_1_499' title='bbox 1911 4329 2074 4388; x_wconf 81' lang='lat' dir='ltr'>sugam</span> <span class='ocrx_word' id='word_1_500' title='bbox 2092 4325 2254 4371; x_wconf 78' lang='lat' dir='ltr'>Gallos</span> <span class='ocrx_word' id='word_1_501' title='bbox 2272 4326 2544 4372; x_wconf 78' lang='lat' dir='ltr'>confecisse.</span> 
     </span>
     <span class='ocr_line' id='line_1_72' title="bbox 1491 4386 2632 4457; baseline -0.004 -21"><span class='ocrx_word' id='word_1_502' title='bbox 1491 4392 1569 4436; x_wconf 86' lang='grc'>38.</span> <span class='ocrx_word' id='word_1_503' title='bbox 1604 4390 1675 4435; x_wconf 84' lang='lat' dir='ltr'>De</span> <span class='ocrx_word' id='word_1_504' title='bbox 1711 4404 1819 4436; x_wconf 79' lang='lat' dir='ltr'>casu</span> <span class='ocrx_word' id='word_1_505' title='bbox 1852 4388 2013 4435; x_wconf 80' lang='lat' dir='ltr'>Sabini</span> <span class='ocrx_word' id='word_1_506' title='bbox 2046 4391 2089 4434; x_wconf 73' lang='lat' dir='ltr'>ee</span> <span class='ocrx_word' id='word_1_507' title='bbox 2133 4386 2316 4457; x_wconf 63' lang='lat' dir='ltr'>Cottae-1</span> <span class='ocrx_word' id='word_1_508' title='bbox 2348 4387 2421 4432; x_wconf 90' lang='lat' dir='ltr'>De</span> <span class='ocrx_word' id='word_1_509' title='bbox 2441 4401 2534 4446; x_wconf 87' lang='lat' dir='ltr'>quo</span> <span class='ocrx_word' id='word_1_510' title='bbox 2555 4389 2632 4444; x_wconf 64' lang='lat' dir='ltr'>sic.</span> 
     </span>
     <span class='ocr_line' id='line_1_73' title="bbox 1433 4446 2624 4555; baseline -0.003 -57"><span class='ocrx_word' id='word_1_511' title='bbox 1433 4451 1708 4498; x_wconf 73' lang='lat' dir='ltr'>Suetonius:</span> <span class='ocrx_word' id='word_1_512' title='bbox 1743 4450 1980 4520; x_wconf 57' lang='lat' dir='ltr'>Diligebat</span> <span class='ocrx_word' id='word_1_513' title='bbox 2019 4462 2196 4510; x_wconf 74' lang='lat' dir='ltr'>quoque</span> <span class='ocrx_word' id='word_1_514' title='bbox 2230 4446 2435 4555; x_wconf 57' lang='lat' dir='ltr'>[nstlites]</span> <span class='ocrx_word' id='word_1_515' title='bbox 2470 4456 2518 4495; x_wconf 75' lang='lat' dir='ltr'>ut</span> <span class='ocrx_word' id='word_1_516' title='bbox 2539 4464 2624 4500; x_wconf 76' lang='lat' dir='ltr'>au·</span> 
     </span>
     <span class='ocr_line' id='line_1_74' title="bbox 2272 4525 2284 4555; baseline 0 0"><span class='ocrx_word' id='word_1_517' title='bbox 2272 4525 2284 4555; x_wconf 83' lang='lat'><em>1</em></span> 
     </span>
    </p>
   </div>
   <div class='ocr_carea' id='block_1_25' title="bbox 179 4508 2623 4640">
    <p class='ocr_par' dir='ltr' id='par_1_28' title="bbox 179 4508 2623 4640">
     <span class='ocr_line' id='line_1_75' title="bbox 179 4508 2622 4634; baseline -0.006 -63"><span class='ocrx_word' id='word_1_518' title='bbox 179 4522 416 4583; x_wconf 52' lang='lat' dir='ltr'>“mione</span> <span class='ocrx_word' id='word_1_519' title='bbox 424 4521 576 4584; x_wconf 68' lang='lat' dir='ltr'>saeta.</span> <span class='ocrx_word' id='word_1_520' title='bbox 638 4519 929 4564; x_wconf 81' lang='lat' dir='ltr'>Videbantur</span> <span class='ocrx_word' id='word_1_521' title='bbox 949 4525 1104 4562; x_wconf 86' lang='lat' dir='ltr'>autem</span> <span class='ocrx_word' id='word_1_522' title='bbox 1117 4520 1367 4562; x_wconf 69' lang='lat' dir='ltr'>obstructa:</span> <span class='ocrx_word' id='word_1_523' title='bbox 1428 4512 1529 4584; x_wconf 67' lang='lat' dir='ltr'>dilfi</span> <span class='ocrx_word' id='word_1_524' title='bbox 1545 4511 1671 4584; x_wconf 53' lang='lat' dir='ltr'>effode</span> <span class='ocrx_word' id='word_1_525' title='bbox 1697 4511 1955 4566; x_wconf 65' lang='lat' dir='ltr'>Tituriana,</span> <span class='ocrx_word' id='word_1_526' title='bbox 1978 4508 2164 4580; x_wconf 62' lang='lat' dir='ltr'>barbam</span> <span class='ocrx_word' id='word_1_527' title='bbox 2172 4511 2487 4634; x_wconf 51' lang='lat' dir='ltr'>gssmfflfflu?</span> <span class='ocrx_word' id='word_1_528' title='bbox 2501 4526 2622 4565; x_wconf 69' lang='grc' dir='ltr'>ειιηιι-</span> 
     </span>
     <span class='ocr_line' id='line_1_76' title="bbox 180 4571 2623 4640; baseline -0.006 -9"><span class='ocrx_word' id='word_1_529' title='bbox 180 4591 330 4640; x_wconf 76' lang='lat' dir='ltr'>porue</span> <span class='ocrx_word' id='word_1_530' title='bbox 351 4593 475 4636; x_wconf 70' lang='lat' dir='ltr'>mem</span> <span class='ocrx_word' id='word_1_531' title='bbox 496 4582 642 4632; x_wconf 83' lang='lat' dir='ltr'>nimio</span> <span class='ocrx_word' id='word_1_532' title='bbox 661 4579 984 4628; x_wconf 70' lang='lat' dir='ltr'>nomm-rum</span> <span class='ocrx_word' id='word_1_533' title='bbox 1008 4579 1146 4625; x_wconf 87' lang='lat' dir='ltr'>rebus</span> <span class='ocrx_word' id='word_1_534' title='bbox 1163 4579 1258 4626; x_wconf 85' lang='lat' dir='ltr'>suis</span> <span class='ocrx_word' id='word_1_535' title='bbox 1280 4578 1367 4625; x_wconf 83' lang='lat' dir='ltr'>dis·</span> <span class='ocrx_word' id='word_1_536' title='bbox 1429 4577 1618 4630; x_wconf 66' lang='lat' dir='ltr'>mater-tt,</span> <span class='ocrx_word' id='word_1_537' title='bbox 1653 4587 1734 4621; x_wconf 80' lang='lat' dir='ltr'>nec</span> <span class='ocrx_word' id='word_1_538' title='bbox 1768 4577 1874 4620; x_wconf 73' lang='lat' dir='ltr'>mue</span> <span class='ocrx_word' id='word_1_539' title='bbox 1907 4571 2143 4638; x_wconf 64' lang='lat' dir='ltr'>demptam</span> <span class='ocrx_word' id='word_1_540' title='bbox 2345 4573 2623 4630; x_wconf 70' lang='lat' dir='ltr'>vmdzcmre.</span> 
     </span>
    </p>
   </div>
   <div class='ocr_carea' id='block_1_26' title="bbox 1495 4636 1585 4682">
    <p class='ocr_par' dir='ltr' id='par_1_29' title="bbox 1495 4636 1585 4682">
     <span class='ocr_line' id='line_1_77' title="bbox 1495 4636 1585 4682; baseline 0.011 -1"><span class='ocrx_word' id='word_1_541' title='bbox 1495 4636 1585 4682; x_wconf 65' lang='lat' dir='ltr'>Ge-</span> 
     </span>
    </p>
   </div>
  </div>
 </body>
</html>
