3059 5050
403 285 522 349 100
957 286 966 293 ‘
1158 270 1281 337 DE
1324 270 1627 337 BELLO
1672 264 2062 338 GALLICO

481 425 736 505 longum
778 441 924 498 esse,
954 420 1275 505 perterritis
1321 420 1636 497 Romanis,
1663 420 2103 482 Germanorum
2136 418 2429 482 auxilium
2458 436 2846 506 exspectare:

485 529 679 590 neque
705 528 872 568 suam
899 507 1020 589 pati
1047 507 1419 586 dignitatem,
1440 521 1505 566 ut
1527 506 1706 566 tantis
1730 506 1921 587 copiis
1946 518 2065 566 tam
2088 505 2370 586 exiguam
2391 527 2662 583 manum,
2684 530 2847 591 prae·

488 593 689 654 sertim
720 590 1040 671 fugientem
1071 604 1249 671 atque
1277 590 1647 688 impeditam,
1678 589 1904 651 adoriri
1934 610 2056 650 non
2087 589 2375 651 audeant:
2429 590 2649 653 flumen
2680 606 2849 655 tran-

492 678 625 752 sire,
668 690 728 737 et
772 675 975 756 iniquo
1029 674 1165 734 loco
1218 673 1494 756 proehum
1545 674 1916 735 committere
1961 694 2082 735 non
2126 673 2419 736 dubitant.
2510 674 2671 756 Quae
2719 676 2854 739 sore

411 766 451 824 5
495 761 822 843 suspicatus
849 757 1172 833 LabienuS‚
1194 772 1259 819 ut
1283 779 1488 819 omues
1511 759 1662 820 citra
1687 758 1905 819 flumen
1930 757 2186 833 eliceret,
2206 756 2414 819 eadem
2439 760 2853 826 usus.simula-

494 846 654 907 tione
678 842 921 920 itineris,
952 842 1195 925 placide
1226 843 1743 925 progrediebatur.
1831 839 1997 903 Tum
2017 842 2340 926 praemissis
2364 842 2629 926 paullum
2658 844 2853 928 impe·

495 928 790 1004 dimentis,
817 940 994 1007 atque
1025 928 1085 986 in
1113 925 1341 987 tumulo
1370 928 1633 1008 quodam
1658 925 2008 1003 collocatis3
2067 924 2344 1002 Habetis,
2368 928 2429 988 in
2473 928 2575 1004 uit,
2611 928 2855 1007 milites,

494 1033 674 1095 quam
703 1011 949 1094 petistis,
992 1009 1334 1072 facultatem
1359 1031 1373 1070 :
1419 1012 1648 1072 hostem
1680 1011 1967 1094 impedito
1998 1024 2178 1093 atque
2207 1010 2417 1093 iniquo
2432 949 2580 1073 ²loco
2609 1014 2857 1075 tenetis:

494 1110 776 1181 praestate
806 1096 1056 1156 eandem
1089 1096 1262 1155 nobis
1292 1095 1548 1156 ducibus
1573 1096 1870 1171 virtutem,
1901 1115 2081 1176 quam
2128 1116 2540 1179 saepenumero
2579 1093 2671 1158 Im
2758 1119 2863 1159 ra—

419 1181 610 1245 lOtori
631 1180 1017 1265 proestitistis:
1061 1200 1196 1240 eum
1224 1179 1450 1255 adesse,
1481 1191 1540 1241 et
1569 1181 1701 1241 baec
1731 1179 1936 1241 coram
1966 1200 2227 1255 cernere,
2258 1182 2609 1257 existimate.
2707 1176 2867 1245 imul

498 1266 674 1347 signa
718 1265 797 1326 ad
850 1265 1077 1326 hostem
1124 1264 1411 1340 converti,
1460 1265 1772 1346 aciemque
1823 1264 2004 1345 dirigi
2037 1266 2244 1345 jubet:
2287 1277 2348 1326 et
2392 1266 2603 1348 paucis
2646 1268 2865 1329 turmis

496 1349 784 1434 praesidio
815 1349 892 1410 ad
922 1348 1350 1446 impedimenta
1377 1349 1655 1425 dimissis,
1688 1348 1947 1430 reliquos
1977 1348 2202 1431 equites
2233 1348 2310 1410 ad
2351 1348 2541 1411 latera
2569 1350 2867 1432 disponit.

499 1433 793 1496 Celeriter
840 1445 1045 1509 nostri,
1100 1434 1363 1494 clamore
1410 1433 1666 1509 sublato,
1716 1432 1839 1516 pila
1883 1433 1945 1493 in
1993 1434 2191 1494 hostes
2231 1433 2489 1514 jaciunt.
2589 1432 2709 1512 Illi,
2756 1436 2867 1497 ubi

497 1532 718 1618 praeter
748 1539 912 1602 spem
945 1539 1096 1598 quos
1127 1519 1335 1599 sugere
1364 1517 1708 1592 credebant,
1740 1516 1963 1578 infestis
1993 1517 2180 1597 signis
2211 1518 2290 1579 ad
2338 1538 2401 1578 se
2444 1518 2531 1580 ire
2559 1519 2869 1595 viderunt,

426 1610 789 1688 151mpetum
822 1602 1003 1663 modo
1032 1602 1181 1664 ferre
1211 1623 1333 1663 non
1361 1614 1712 1685 potuerunt:
1743 1623 1814 1663 ac
1888 1601 2041 1662 rimo
2067 1622 2364 1664 concursu
2390 1602 2450 1663 in
2477 1601 2686 1684 fugam
2715 1626 2871 1665 con-

487 1689 657 1771 jecti,
689 1688 998 1771 proximas
1028 1687 1207 1748 silvas
1238 1688 1602 1769 petiverunt3
1655 1706 1806 1768 quos
1895 1686 2146 1748 abienus
2169 1686 2438 1768 equitatu
2467 1702 2873 1766 consectatus,

501 1794 729 1855 magno
766 1792 1018 1833 numero
1047 1770 1376 1848 interfecto,
1408 1770 1818 1854 compluribus
1847 1772 2059 1853 captis,
2089 1771 2294 1853 paucis
2318 1771 2456 1853 post
2483 1772 2694 1833 diebus
2717 1774 2872 1834 citi·

504 1870 685 1919 tatem
717 1857 945 1940 recipit.
1034 1854 1196 1917 Nam
1230 1854 1543 1932 Germani,
1575 1855 1678 1938 qui
1710 1854 1939 1917 auxilio
1963 1855 2302 1931 veniebant,
2335 1856 2618 1939 percepta
2646 1853 2872 1919 Trevi-

504 1963 710 2003 rorum
741 1941 906 2022 fuga,
933 1963 1059 2003 sese
1083 1942 1328 2002 domum
1361 1940 1760 2002 contulerunt.
1807 1938 1966 2001 Cum
1994 1940 2065 2000 iis
2090 1940 2412 2023 propinqui
2441 1938 2871 2020 Indutiomari,

419 2028 606 2173 20ὖυὶ
652 2026 998 2089 desectionis
1045 2039 1319 2088 auctores
1363 2025 1619 2101 fuerant,
1664 2024 1931 2086 comitati
1975 2045 2098 2101 eos,
2143 2045 2220 2085 ex
2250 2024 2489 2086 civitate
2532 2027 2872 2088 excessere.

567 2111 914 2193 ingetorigi,
953 2130 1129 2191 quem
1177 2111 1255 2171 ab
1299 2109 1471 2170 initio
1516 2109 1912 2191 permansisse
1958 2109 2020 2170 in
2064 2108 2264 2170 officio
2308 2109 2873 2189 demonstravimus,

505 2195 698 2280 princi
746 2208 879 2255 atus
910 2208 1088 2275 atque
1117 2193 1432 2274 imperium
1464 2206 1554 2253 est
1580 2194 1886 2255 traditum.

593 2277 682 2338 Vl
721 2276 771 2338 1.
819 2276 1055 2353 Coesar‚
1087 2292 1405 2360 postquam
1437 2298 1514 2337 ex
1551 2275 1855 2361 Menapiis
1892 2278 1956 2339 in
2001 2276 2292 2341 Treviros
2320 2279 2503 2355 venit,
2533 2279 2772 2342 duabus
2796 2282 2880 2343 de

507 2361 732 2424 caussis
742 2360 1026 2424 Rhenum
1048 2361 1298 2423 transire
1317 2361 1650 2423 constituit:
1682 2383 1935 2445 quarum
1956 2375 2085 2424 erat
2106 2363 2312 2441 altera,
2333 2363 2497 2444 quod
2511 2363 2874 2451 [Germani]

423 2446 740 2511 25auxilia
758 2461 971 2509 contra
989 2468 1052 2509 se
1069 2444 1340 2507 Treviris
1360 2446 1671 2508 miserant:
1694 2447 1899 2525 altera,
1922 2468 1995 2509 ne
2006 2448 2327 2510 Ambiorix
2346 2463 2647 2533 receptum
2672 2451 2753 2512 ad
2772 2472 2880 2513 eos

510 2534 773 2594 haberet.
862 2531 978 2595 His
1008 2532 1340 2594 constitutis
1383 2531 1579 2609 rebus,
1611 2532 1880 2615 paullum
1911 2554 2093 2617 supra
2120 2555 2265 2600 eum.
2285 2533 2506 2611 locum,
2544 2556 2668 2617 quo
2698 2537 2883 2598 antea

510 2615 841 2680 exercitum
870 2617 1311 2693 transduxerat,
1342 2616 1539 2678 facere
1566 2631 1810 2701 pontem
1834 2617 2107 2682 instituit.
2193 2616 2255 2678 N
2259 2619 2362 2680 ota
2392 2631 2572 2701 atque
2603 2621 2884 2684 instituta

513 2703 767 2778 ratione,
791 2723 1019 2783 magno
1043 2701 1296 2763 militum
1329 2702 1547 2779 studio,
1594 2702 1802 2784 paucis
1843 2702 2074 2778 diebus,
2121 2724 2274 2786 opus
2301 2703 2572 2766 efficitur.
2662 2703 2881 2767 Firmo

512 2787 576 2848 in
604 2784 876 2848 Treviris
901 2786 1187 2869 praesidio
1211 2785 1289 2846 ad
1321 2800 1564 2868 pontem
1594 2786 1823 2863 relicto,
1853 2807 1930 2847 ne
1954 2787 2087 2868 quis
2110 2789 2189 2849 ab
2215 2788 2287 2849 iis
2317 2788 2512 2851 subito
2532 2802 2731 2851 motus
2756 2791 2881 2852 ori-

431 2877 693 2948 SOretur,
725 2871 984 2953 reliquas
1013 2871 1240 2954 copias,
1271 2871 1720 2953 equitatumque
1762 2871 2108 2934 transducit.
2192 2870 2361 2949 Ubii,
2393 2874 2497 2955 qui
2540 2873 2682 2935 ante
2715 2876 2881 2937 obsi-

512 2957 618 3021 des
647 2957 956 3034 dederant‚
982 2969 1162 3038 atque
1190 2956 1252 3016 in
1282 2955 1648 3018 deditionem
1696 2969 2002 3034 venerant,
2048 2958 2351 3056 purgandi
2399 2958 2491 3019 sui
2536 2958 2753 3021 caussa
2798 2961 2880 3023 ad

513 3062 650 3104 eum
672 3042 903 3124 legatos
924 3042 1191 3119 mittunt3
1221 3040 1324 3122 qui
1344 3040 1620 3117 doceant,
1647 3048 1890 3123 “neque
1913 3062 1990 3103 ex
2010 3041 2119 3103 sua
2135 3041 2374 3103 civitate
2393 3042 2621 3104 auxilia
2637 3044 2700 3104 in
2719 3041 2882 3106 Tre-

512 3128 674 3189 viros
705 3128 903 3204 missa,
934 3148 1126 3209 neque
1165 3128 1252 3189 'ab
1305 3147 1367 3188 se
1419 3124 1598 3187 fidem
1646 3125 1892 3188 laesam:
1944 3139 2153 3209 petunt
2181 3139 2359 3209 atque
2405 3131 2599 3204 orant',
2654 3141 2718 3189 ut
2761 3128 2885 3191 sibi

512 3225 746 3297 parcat,
773 3233 848 3274 ne
871 3212 1175 3274 communi
1206 3211 1349 3273 odio
1375 3209 1817 3271 Germanorum
1848 3211 2194 3273 innocentes
2223 3232 2336 3310 pro
2364 3212 2715 3273 nocentibus
2744 3233 2880 3295 poe-

432 3301 625 3359 35nas
666 3297 970 3378 pendant:
1016 3297 1066 3357 si
1106 3295 1361 3379 amplius
1406 3294 1684 3378 obsidum
1714 3294 1876 3371 velit,
1926 3295 2071 3356 dare
2099 3294 2519 3378 pollicentur.’'
2605 3295 2884 3378 Cognita

518 3379 734 3441 caesar
763 3381 976 3441 caussa
1004 3379 1241 3462 reperit,
1297 3380 1375 3441 ab
1424 3378 1637 3440 Suevis
1668 3378 1897 3441 auxilia
1943 3380 2123 3441 missa
2169 3400 2333 3459 esse3
2372 3377 2675 3444 Ubiorum
2707 3381 2885 3444 satis-’-

516 3463 835 3525 factionem
869 3466 1100 3546 accepit
1109 3486 1128 3542 ;
1176 3464 1372 3526 aditus
1400 3464 1648 3544 viasque
1669 3464 1733 3525 in
1764 3463 1998 3525 Suevos
2014 3463 2328 3564 perquirit.

600 3545 714 3608 IX.
763 3545 1010 3609 Interim
1052 3549 1260 3631 paucis
1284 3548 1421 3632 post
1450 3549 1661 3610 diebus
1690 3548 1758 3610 fit
1799 3549 1877 3610 ab
1905 3546 2083 3610 Ubus
2115 3548 2352 3627 certior,
2404 3548 2639 3612 Suevos
2668 3571 2879 3613 omnes

517 3632 580 3695 in
608 3653 793 3694 unum
847 3632 1047 3694 locum
1079 3632 1287 3715 copias
1331 3654 1572 3715 cogere,
1617 3647 1796 3715 atque
1844 3632 1918 3695 iis
1965 3634 2326 3710 nationibus,
2356 3656 2496 3717 quae
2527 3637 2637 3698 sub
2664 3657 2877 3698 eorum

433 3722 656 3782 40sunt
706 3716 978 3799 imperio,
1017 3717 1387 3796 denuntiare,
1433 3731 1499 3779 ut
1542 3717 1771 3780 auxilia
1826 3718 2123 3801 peditatus
2165 3719 2578 3801 equitatusque
2618 3719 2877 3783 mittant.

518 3801 632 3865 His
658 3803 914 3883 cognitis
943 3802 1139 3878 rebus»,
1170 3823 1294 3864 rem
1325 3802 1773 3864 frumentariam
1804 3802 2096 3885 providet,
2126 3803 2334 3865 castris
2363 3803 2646 3867 idoneum
2677 3804 2882 3867 locum

517 3887 757 3968 deligit:
803 3883 981 3947 Ubiis
1022 3885 1295 3969 imperat,
1329 3899 1392 3947 ut
1414 3908 1640 3970 pecora
1669 3888 1988 3962 deducant,
2032 3908 2255 3969 suaque
2284 3888 2491 3950 omnia
2516 3910 2593 3951 ex
2625 3890 2793 3989 agris
2822 3889 2885 3951 in

519 3972 748 4070 oppida
776 3969 1124 4048 conserant:
1168 3992 1413 4054 sperans
1445 3972 1737 4033 barbaros
1768 3984 1946 4053 atque
1992 3971 2297 4055 imperitos
2341 3973 2637 4050 homineS,
2676 3973 2887 4058 mopifi.

518 4056 886 4118 cibariorum
912 4055 1224 4130 adductos,
1251 4056 1327 4117 ad
1360 4055 1627 4136 iniquam
1658 4078 1742 4140 pu
1829 4055 1972 4117 andi
2002 4056 2407 4119 conditionem
2437 4079 2615 4141 posse
2643 4057 2883 4120 deduci.

436 4139 590 4202 4531
595 4141 799 4216 andat,
830 4153 896 4200 ut
923 4140 1166 4201 crebros
1189 4138 1604 4223 exploratores
1645 4140 1707 4202 in
1733 4077 1967 4202 gilievos
2004 4140 2264 4217 mittant,
2289 4162 2546 4225 qnaeque
2588 4143 2753 4226 apud
2782 4162 2884 4204 eos

521 4237 825 4304 gerantur,
857 4235 1266 4306 cognoscant·
1317 4221 1416 4285 Illi
1444 4224 1739 4308 imperata
1766 4223 2010 4300 faciunt,
2041 4238 2101 4286 et
2118 4226 2326 4308 paucis
2355 4226 2565 4289 diebus
2589 4226 2888 4289 intermis-

524 4307 622 4382 sis,
651 4309 932 4386 reserunt,
990 4315 1028 4346 “
1052 4307 1284 4370 Suevos
1308 4329 1536 4385 omnes,
1562 4322 1953 4391 posteaquam
1977 4309 2259 4372 certiores
2288 4311 2481 4372 nuntii
2504 4312 2581 4374 de
2616 4312 2888 4374 exercitu

521 4387 942 4455 Romanorum
987 4405 1295 4469 venerant,
1339 4412 1476 4453 cum
1521 4393 1799 4454 omnibus
1841 4392 1961 4452 suis
2013 4394 2431 4478 sociorumque
2474 4396 2689 4481 copiis,
2739 4415 2888 4479 quas

524 4476 881 4553 coegissent,
911 4477 1147 4561 penitus
1176 4476 1256 4539 ad
1283 4489 1584 4539 extremos
1612 4477 1761 4539 fines
1802 4496 1928 4538 sese
1956 4478 2266 4562 recepisse.
2355 4479 2589 4543 Silvam
2632 4501 2764 4543 esse
2803 4479 2887 4542 ibi

441 4589 790 4698 ..th
829 4600 1252 4665 hemispraedaio,
1296 4601 1408 4663 δια]
1452 4602 1767 4651 Tamum-at
1805 4597 2895 4669 mm.equitun‚inmaeautemintogione
