3059 5050
404 310 486 375 ⁸2²6
1174 304 1298 370 DE
1343 302 1651 369 BELLO
1697 300 2094 369 GALLICO

485 475 624 521 mn
654 474 748 518 rec
777 457 862 518 ab
881 453 1149 518 instituto
1178 452 1434 517 consilio
1458 454 1811 534 deterret-en
1853 467 2075 530 tamen,
2104 472 2181 516 ue
2206 466 2473 517 aestatem
2498 452 2562 516 in
2591 449 2872 519 Treviris

484 561 839 603 consumere
863 554 1198 622 cogeretur,
1219 540 1500 601 omnibus
1529 541 1706 601 rebus
1736 539 1815 602 ad
1844 537 2266 601 Britannicum
2295 538 2518 601 bellum
2544 558 2867 624 compara-

483 624 560 687 tis
586 623 1024 687 Idutiomarum
1055 625 1133 687 ad
1166 646 1230 686 se
1251 644 1389 686 cum
1421 646 1523 687 cc.
1551 625 1863 687 obsidibus
1892 625 2095 686 venire
2128 624 2326 705 jussit.
2413 622 2529 686 His
2566 624 2867 703 adductiS,

486 724 547 772 et
574 711 638 772 in
663 711 734 772 iis
763 710 909 787 filio,
940 710 1414 795 propinquisque
1440 711 1568 791 ejus
1598 711 1895 786 omnibus,
1927 729 2077 792 quos
2106 707 2458 770 nominatim
2483 726 2866 785 evocaverat,

404 798 445 856 5
489 795 835 858 consolatus
876 794 1378 871 Indutiomarum,
1410 796 1799 878 hortatusque
1828 808 1935 871 est,
1980 791 2067 856 uti
2111 793 2173 855 in
2221 794 2421 855 officio
2466 806 2868 892 permaneret.

486 880 701 943 Nihilo
724 894 926 943 tamen
951 881 1144 943 secius
1173 880 1547 963 principibus
1567 877 1962 942 Trevirorum
1989 879 2066 941 ad
2089 900 2151 940 se
2175 891 2541 955 convocauS,
2567 900 2673 941 eos
2698 878 2871 960 sigil-

488 966 658 1028 latim
689 965 1078 1048 Cingetorigi
1107 964 1472 1027 conciliavit.
1561 964 1747 1046 Quod
1772 986 1955 1046 quum
1988 963 2201 1026 merito
2230 964 2357 1045 ejus
2383 963 2419 1023 a
2446 984 2508 1024 se
2532 963 2659 1026 fieri
2689 963 2873 1025 intel-

485 1050 738 1134 ligebat,
769 1065 895 1113 tum
928 1051 1135 1132 magni
1166 1051 1448 1111 interesse
1478 1049 1904 1126 arbitrabatur,
1936 1050 2062 1130 ejus
2088 1048 2500 1110 auctoritatem
2540 1048 2694 1110 inter
2723 1066 2872 1110 suos

485 1136 998 1220 quamplurimum
1027 1134 1249 1211 valere,
1280 1135 1450 1215 cujus
1474 1148 1598 1195 tam
1628 1134 1939 1217 egregiam
1969 1136 2031 1195 in
2062 1155 2124 1195 se
2159 1133 2531 1194 voluntatem
2576 1152 2873 1218 perspex-

407 1220 643 1282 loisset.
732 1219 804 1282 Id
835 1219 1059 1283 suctum
1087 1221 1353 1300 graviter
1381 1218 1518 1280 tulit
1540 1217 2009 1295 Indutiomarus,
2041 1240 2209 1279 suam
2241 1218 2499 1300 gratiam
2530 1219 2684 1280 inter
2726 1238 2872 1280 suos

485 1306 715 1367 minui:
744 1318 823 1381 et,
849 1307 952 1386 qui
967 1306 1104 1386 jam
1130 1317 1269 1365 aute
1289 1303 1537 1365 inimico
1563 1303 1624 1364 in
1654 1325 1765 1366 nos
1791 1305 1994 1366 animo
2017 1302 2239 1380 finisset,
2267 1301 2454 1364 multo
2482 1303 2728 1385 gravius
2747 1304 2869 1366 hoe

484 1389 697 1452 dolore
722 1391 966 1452 exarsit.
1411 1390 1444 1442 '.

570 1473 651 1536 V.
696 1473 782 1536 Iis
806 1475 982 1536 rebus
1014 1472 1371 1550 constitutiS,
1399 1472 1620 1536 Caesar
1647 1475 1728 1537 ad
1755 1486 1995 1574 portum
2020 1472 2204 1535 Itium
2228 1493 2366 1534 cum
2396 1472 2889 1555 legionibusper-

484 1559 687 1620 venit:
731 1559 813 1621 ibi
840 1559 1159 1641 cognoscit
1204 1580 1305 1620 11..
1337 1571 1542 1635 naveS,
1572 1580 1712 1641 quae
1753 1580 1817 1621 m
1846 1557 2067 1621 Meldis
2096 1558 2276 1620 sactoe
2301 1571 2488 1634 erant,
2514 1569 2876 1640 tempestate

406 1644 756 1725 lbrejectas,
777 1664 1017 1706 cursum
1037 1657 1239 1705 tenere
1263 1664 1385 1705 non
1411 1645 1696 1727 potuisse,
1724 1658 1902 1726 atque
1921 1644 2156 1719 eodem,
2178 1643 2339 1704 unde
2362 1657 2533 1704 erant
2557 1642 2872 1725 prosectae,

485 1728 704 1791 relatas
727 1750 742 1790 z
773 1729 1034 1812 reliquas
1064 1742 1309 1812 paratas
1339 1729 1418 1790 ad
1444 1729 1880 1811 navigandum,
1901 1743 2080 1810 atque
2105 1728 2383 1789 omnibus
2408 1730 2584 1789 rebus
2612 1728 2874 1789 instruc-

481 1828 575 1876 tas
606 1815 851 1876 invenit.
939 1812 1180 1876 Eodem
1206 1813 1504 1895 equitatus
1535 1815 1717 1876 totius
1748 1814 1972 1876 Galliae
2001 1812 2302 1888 convenit,
2332 1832 2584 1874 numero
2612 1811 2874 1874 millium

485 1915 571 1961 lv.
603 1900 1028 1983 principesque
1056 1920 1135 1960 ex
1178 1900 1458 1961 omuibus
1512 1899 1885 1961 civitatibus:
1930 1919 2008 1960 ex
2054 1898 2269 1980 quibus
2310 1918 2668 1980 perpaucOS,
2714 1918 2876 1978 quo-

483 2002 617 2047 rum
648 1986 712 2047 in
742 2007 805 2047 se
848 1984 1030 2047 iidem
1074 1998 1481 2068 perspexerat,
1525 1984 1863 2067 relinquere
1891 1984 1952 2045 in
1987 1982 2221 2060 Gallia;
2274 1981 2555 2064 reliquoS,
2588 1982 2873 2043 obsidum

400 2070 643 2147 2Gloc0,
676 2092 877 2132 secum
909 2071 1129 2131 ducere
1159 2069 1546 2147 decreverat3
1592 2068 1776 2151 quod,
1809 2086 1993 2151 quum
2018 2068 2147 2151 ipse
2177 2069 2428 2144 abesset,
2460 2079 2690 2128 motum
2718 2066 2875 2128 Gal-

485 2156 587 2217 11ae
612 2157 951 2216 verebatur.

569 2238 683 2299 VI.
730 2238 889 2299 Erat
916 2237 1039 2298 una
1068 2258 1205 2298 cum
1246 2238 1481 2299 caeteris
1505 2236 1857 2300 Dumnorix
1888 2236 2147 2314 AEduus,
2173 2237 2251 2299 dc
2270 2258 2393 2319 quo
2423 2237 2461 2298 a
2489 2236 2666 2298 nobis
2692 2238 2879 2298 antea

483 2323 713 2386 dictum
742 2335 849 2385 est.
939 2320 1124 2384 Hunc
1154 2343 1356 2384 secum
1387 2324 1609 2384 ducere
1631 2323 1693 2384 in
1718 2323 1927 2408 primis
1952 2323 2363 2397 constituerat,
2390 2321 2555 2404 quod
2595 2342 2731 2383 eum
2763 2342 2878 2383 cu-

483 2408 695 2492 pidum
723 2428 923 2469 rerum
951 2423 1270 2484 novarum,
1295 2408 1584 2492 cupidum
1628 2407 1885 2492 imperii,
1935 2407 2144 2488 magni
2175 2406 2380 2483 animi,
2431 2427 2677 2489 magnae
2718 2407 2880 2468 inter

402 2492 704 2557 25Gallos
733 2492 1128 2571 auctoritatis,
1154 2506 1550 2575 cognoverat.
1636 2493 1987 2556 Accedebat
2017 2494 2155 2570 huc,
2185 2491 2349 2575 qnod
2366 2492 2501 2574 jam
2526 2491 2588 2554 in
2613 2491 2879 2554 consilio

484 2577 828 2641 AEduorum
861 2578 1208 2641 Dumnorix
1239 2578 1498 2654 dixerat,
1538 2578 1671 2640 Sibi
1705 2580 1742 2641 a
1771 2577 2026 2641 Caesare
2056 2599 2307 2660 regnum
2333 2577 2591 2639 civitatis
2621 2577 2878 2639 deferri:

484 2665 651 2746 quod
680 2665 906 2726 dictum
947 2659 1134 2725 AEdui
1181 2665 1447 2744 graviter
1487 2662 1779 2741 ferebant,
1824 2685 2019 2746 neque
2063 2663 2400 2740 recusandi,
2434 2683 2627 2743 neque
2656 2662 2879 2746 depre-

486 2750 667 2811 candi
720 2748 935 2811 caussa
983 2749 1217 2828 legatos
1264 2749 1343 2810 ad
1370 2748 1687 2811 Coesarem
1740 2751 1972 2810 mittere
2021 2749 2343 2810 audebant.
2431 2745 2503 2808 Id
2536 2747 2761 2808 sactum
2791 2767 2877 2811 ex

486 2836 607 2896 suis
646 2835 981 2918 hospitibus
1011 2832 1230 2895 Caesar
1258 2845 1651 2916 cognoverat.
1738 2832 1849 2896 Ille
1896 2833 2092 2917 primo
2140 2832 2418 2894 omnibus
2456 2832 2735 2915 precibus
2764 2853 2878 2914 pe·

402 2923 610 2983 sotere
633 2919 963 2996 contendit,
995 2932 1062 2980 ut
1101 2919 1165 2981 in
1191 2917 1399 2980 Gallia
1442 2918 1900 3002 relinqueretur,
1944 2918 2186 3018 partim,
2218 2916 2381 2999 quod
2406 2916 2670 2979 insuetus
2699 2917 2880 2978 navi-

572 3005 695 3083 ndi,
727 3027 895 3067 mare
924 3005 1177 3080 timeret,
1208 3005 1448 3088 partim,
1482 3003 1647 3086 quod
1696 3004 2091 3085 religionibus
2139 3024 2267 3064 sese
2310 3001 2536 3066 diceret
2576 2999 2875 3085 impediti.

482 3027 894 3174 ffisteaquam
919 3090 983 3152 id
1007 3090 1267 3152 ostinate
1294 3089 1407 3152 sibi
1440 3089 1651 3170 negari
1678 3089 1847 3165 vidit,
1870 3089 2035 3149 omni
2060 3109 2165 3171 spe
2188 3086 2546 3171 impetrandi
2569 3085 2876 3170 adempta,

483 3176 787 3262 principes
814 3174 1038 3237 Galliae
1069 3175 1413 3251 sollicitare,
1446 3195 1734 3236 sevocare
1771 3173 2062 3254 singulm,
2104 3172 2450 3253 hortarique
2474 3172 2680 3255 coepit,
2710 3183 2776 3232 ut
2809 3171 2879 3233 in

483 3261 815 3323 continenti
846 3271 1245 3336 remanerent,
1273 3273 1432 3321 metu
1462 3259 1757 3336 territare,
1803 3279 1925 3321 non
1957 3258 2083 3319 sine
2128 3255 2344 3319 caussa
2388 3257 2538 3332 fieri,
2570 3269 2636 3318 ut
2667 3255 2882 3318 Gallia

402 3347 653 3411 35ornni
700 3346 1015 3407 nobilitate
1059 3345 1436 3428 spoliaretur.
1526 3343 1601 3406 Id
1643 3365 1771 3405 esse
1807 3342 2125 3405 consilium
2171 3340 2461 3419 Caesaris,
2502 3355 2569 3403 ut
2613 3362 2767 3423 quos
2812 3341 2881 3403 in

485 3444 810 3513 conspectu
838 3428 1062 3490 Gallice
1088 3429 1424 3492 interficere
1452 3443 1775 3505 vereretur,
1806 3429 1917 3489 hos
1943 3449 2151 3488 omnes
2175 3428 2237 3487 in
2268 3425 2652 3488 Britanniam
2679 3440 2879 3488 traus-

483 3515 698 3577 ductos
743 3528 1013 3576 necaret:
1059 3514 1242 3576 iidem
1293 3513 1537 3596 reliquis
1584 3515 1987 3596 interponere,
2018 3512 2447 3594 jusjurandum
2477 3533 2747 3596 poscere,
2786 3524 2876 3588 ut,

485 3600 648 3684 quod
677 3620 805 3661 esse
833 3619 912 3661 ex
958 3620 1072 3660 usu
1117 3597 1340 3662 Galliae
1382 3598 1833 3676 intellexissent,
1863 3598 2171 3660 communi
2202 3595 2456 3659 consilio
2487 3596 2878 3659 administra-

484 3698 636 3748 rent.

397 3774 484 3834 40
570 3767 716 3833 VII.
764 3765 922 3831 Haec
951 3773 991 3830 a
1020 3768 1432 3853 compluribus
1463 3770 1539 3832 ad
1570 3768 1883 3831 Caesarem
1927 3768 2366 3831 deserebantur.
2456 3763 2600 3849 Qua
2630 3787 2695 3828 re
2725 3785 2879 3848 cog-

481 3854 628 3935 nita,
662 3853 903 3932 Caesar,
952 3854 1117 3937 quod
1171 3869 1404 3917 tantum
1454 3854 1685 3917 civitati
1730 3852 1956 3917 AEduae
2004 3853 2317 3936 dignitatis
2345 3852 2668 3929 tribuebat,
2700 3854 2880 3913 coer-

461 4032 536 4079 14.
567 4029 628 4080 In
649 4027 855 4092 Meldia]
881 4027 990 4077 Non
1013 4029 1217 4078 cei-titiis
1235 4041 1345 4080 sunt
1367 4033 1447 4093 qui
1469 4033 1605 4082 Pari·
1729 4038 1808 4082 28.
1841 4036 1919 4084 Ea:
1953 4035 2048 4083 suis
2081 4034 2369 4098 hospitibus]
2405 4034 2481 4082 De
2522 4034 2695 4095 quibus
2733 4049 2879 4095 supra

394 4092 476 4141 siis
499 4103 610 4141 nunt
631 4093 836 4152 finitimi,
873 4093 1067 4150 Meam,
1106 4095 1190 4140 sed
1212 4095 1292 4153 qui
1314 4107 1441 4154 sunt,
1471 4097 1606 4158 igno·
1667 4097 1745 4146 lib.
1775 4113 1807 4146 1.

393 4168 578 4203 rantur.
641 4155 773 4204 Libri
807 4155 1018 4202 nonnulli
1043 4158 1224 4203 habent
1245 4157 1420 4219 Belgis,
1443 4159 1607 4218 sicque
1731 4162 1809 4207 31.
1850 4158 1985 4219 Qudd
2023 4157 2345 4220 religionibus,
2383 4158 2493 4220 aa]
2531 4158 2611 4207 Sic
2633 4153 2807 4206 cicero
2828 4159 2878 4206 in

394 4218 658 4268 Beroaldus
681 4218 724 4265 le
761 4218 813 4275 't,
852 4219 1100 4265 Strabonis
1124 4220 1407 4267 auctoritate
1430 4231 1605 4280 motus,
1671 4221 1724 4270 L.
1748 4223 1996 4269 Pisonem:
2043 4221 2293 4269 Pontinius
2324 4222 2539 4284 susceptis
2572 4221 2880 4284 religio-aihta

395 4281 475 4338 qui
498 4295 580 4326 cos
604 4279 738 4327 Lexo
773 4279 827 4328 iis
850 4277 1072 4327 finitimos
1095 4289 1143 4327 et
1174 4281 1435 4329 maritimos
1475 4284 1605 4332 facit.
1667 4283 1934 4348 impeditur.
2001 4285 2136 4342 Saepe
2159 4284 2286 4330 cuim
2321 4284 2397 4330 vel
2436 4284 2664 4346 auguriis,
2687 4282 2879 4330 velatio

396 4340 561 4387 Facile
580 4343 828 4390 credidero
865 4357 971 4389 esse
993 4357 1075 4389 eos
1105 4343 1186 4402 qui
1208 4343 1509 4402 peninsulam
1531 4347 1607 4394 vel
1669 4349 1813 4394 modo
1845 4346 2035 4406 objecti
2067 4345 2295 4407 religione
2330 4355 2381 4393 et
2416 4345 2784 4393 deterrebantur
2814 4359 2879 4392 ue

395 4416 531 4468 oram
553 4403 842 4452 maritimum
863 4405 1092 4463 incolunt,
1115 4404 1194 4452 ubi
1226 4414 1300 4453 est
1327 4406 1607 4470 charbem-g,
1672 4410 1887 4455 facerent
1907 4411 2034 4467 quod
2067 4409 2260 4467 vellent,
2295 4418 2345 4456 et
2382 4411 2680 4470 cogebantur
2719 4407 2879 4456 fucere

397 4461 507 4508 Nou
529 4462 714 4534 tantum
749 4479 881 4513 mare
904 4467 1141 4525 accolunt,
1179 4470 1262 4515 sed
1300 4476 1350 4515 et
1386 4475 1607 4530 montem
1671 4469 1796 4528 quod
1835 4470 2032 4517 nollent.

395 4529 513 4584 nam
537 4533 660 4570 mter
679 4537 864 4574 montes
886 4541 967 4576 eos
981 4531 1224 4577 constituit
1243 4530 1545 4580 Ptolemaeus.
1731 4533 1807 4578 41.
1849 4531 1982 4591 Qudd
2006 4537 2190 4580 imum
2225 4532 2406 4582 civitem
2430 4531 2598 4581 ..Eduae
2633 4527 2881 4594 dignita&

447 4585 539 4648 ,²7-
587 4584 878 4645 Depreeandi
918 4593 1117 4653 caussa]
1164 4592 1431 4652 Deprecari
1474 4593 1603 4653 apud
1665 4592 1931 4667 tribuebat]
1966 4593 2252 4642 ciacconius
2275 4595 2515 4642 existimat
2546 4597 2880 4653 reponendum

399 4645 605 4694 Antores
626 4646 763 4692 bonae
783 4647 1048 4709 latinitatis,
1079 4662 1152 4701 est
1175 4655 1364 4718 precari
1393 4669 1452 4704 m
1488 4653 1605 4719 quid
1664 4664 1947 4716 permutans
1990 4656 2178 4704 casibus
2203 4676 2214 4703 :
2278 4656 2414 4717 Quod
2454 4662 2639 4718 tantm
2681 4653 2881 4705 civim

386 4709 498 4770 fiat.
1529 4777 1551 4786 ο
1664 4713 1835 4768 AEduae
1855 4716 2079 4781 dignitati·
2097 4716 2353 4778 ω’θιιώαΐῑ
2364 4719 2493 4780 quod
2513 4719 2629 4768 aa&
2648 4711 2821 4779 placit.
