3059 5050
1221 545 1958 650 HISTORIAE

504 720 1288 879 ‘JULII
1448 765 2565 883 cAEsARIS

1257 1007 1928 1076 FRAGMENTUM.

1374 1362 1504 1428 Ex
1591 1364 1672 1429 V.
1720 1365 1803 1431 C.

432 1553 537 1620 De
565 1574 684 1641 quo
708 1550 863 1616 scias
888 1573 911 1615 .·
952 1560 1191 1637 reperta
1217 1549 1416 1636 sitisse
1457 1550 1577 1614 ista
1604 1551 1671 1616 in
1706 1551 1954 1640 Cujacii
1980 1550 2181 1617 codice
2207 1552 2336 1618 sine
2364 1553 2491 1619 ullo
2536 1556 2790 1620 nomine
2807 1582 2838 1636 ;

518 1641 586 1703 in
616 1638 814 1703 codice
844 1648 1041 1700 autem
1066 1636 1268 1701 eadem
1300 1635 1664 1717 Petaviano,
1692 1638 1800 1701 sub
1831 1639 2067 1703 nomine
2115 1638 2568 1705 Pam-maome.
2668 1642 2836 1728 Qua

518 1724 667 1812 quia
711 1723 1067 1786 videbantur
1098 1721 1312 1808 facere
1359 1722 1444 1786 ad
1494 1744 1624 1786 eum
1678 1722 1896 1788 librum
1954 1724 2247 1805 ultimum,
2296 1726 2519 1791 addere
2564 1751 2675 1791 nos
2733 1728 2836 1792 Ιιίε

517 1808 799 1874 voluisse.

436 1989 731 2139 NAM
775 1986 1137 2053 diuturnitas
1164 1987 1306 2053 belli
1350 2008 1589 2073 pacem,
1619 1987 1798 2052 labor
1826 1989 2113 2073 requiem,
2146 1990 2514 2075 triumphum
2548 1990 2832 2057 victoriae

642 2075 960 2159 flagitant3
991 2096 1112 2137 non
1142 2074 1349 2138 civiles
1374 2076 1618 2157 quidem
1669 2076 1822 2152 istoe,
1879 2078 1980 2138 sed
2029 2076 2276 2139 hostiles
2323 2076 2468 2154 illoe,
2499 2077 2575 2140 de
2606 2081 2828 2160 quibus

437 2176 618 2226 antea
670 2162 1038 2224 dixeramus,
1128 2160 1275 2243 Quo
1328 2161 1515 2222 modo
1567 2174 1768 2223 autem
1825 2163 2239 2245 triumpharet,
2273 2176 2379 2225 aut
2423 2163 2546 2245 quii
2587 2166 2827 2227 ratione

436 2249 788 2331 quiesceret,
820 2247 897 2310 de
921 2268 1043 2329 quo
1064 2249 1180 2309 scri
1228 2262 1351 2309 tum
1374 2246 1468 2323 sit,
1496 2246 1581 2308 nil
1608 2262 1807 2309 actum
1835 2248 2105 2325 credens,
2133 2248 2271 2310 cum
2299 2249 2444 2331 quid
2471 2265 2821 2333 superesset.

350 2340 392 2400 5
437 2333 722 2419 Pompeii
774 2331 993 2415 Magni
1026 2332 1135 2394 filii
1183 2269 1519 2417 hispanias
1567 2332 1944 2418 occuparant
1997 2331 2386 2419 (sequebatur
2432 2348 2632 2397 autem
2689 2336 2826 2399 illos

436 2442 561 2483 non
606 2418 850 2504 quidem
898 2418 1087 2503 patris
1132 2419 1340 2495 virtus,
1387 2419 1489 2481 sed
1543 2417 1857 2481 hominum
1904 2418 2080 2481 savor
2123 2421 2358 2502 ingens,
2401 2434 2460 2482 et
2498 2435 2822 2503 paternum

435 2504 689 2592 nomen)
745 2502 977 2569 Cneius
1033 2519 1094 2568 et
1150 2503 1395 2569 Sextus,
1483 2503 1591 2569 Sic
1638 2527 1751 2588 pro
1783 2527 1905 2568 uno
1947 2508 2100 2568 duos
2142 2505 2528 2569 substituerat
2580 2506 2824 2571 fortuna

437 2591 787 2675 Pompeios·
876 2590 1231 2673 Egeratque
1262 2589 1492 2654 Cneius
1523 2592 1720 2673 major
1751 2605 1917 2668 natu,
1947 2592 2045 2653 cui
2094 2591 2230 2675 plus
2271 2591 2584 2655 industriae
2631 2593 2824 2657 inerat

437 2692 619 2758 atque
649 2675 917 2752 consilii,
953 2675 1368 2757 confugiendo
1407 2678 1469 2737 in
1499 2676 1682 2737 fidem
1713 2689 1773 2739 et
1801 2676 2141 2738 clientelam
2173 2678 2442 2739 omnium
2499 2677 2822 2763 Hispaniae

357 2762 771 2838 lOcivitatum,
827 2760 1275 2845 precandoque,
1307 2760 1613 2823 fortunam
1644 2782 1817 2823 suum
1850 2762 2216 2841 miserande,
2254 2763 2563 2848 patrisque
2592 2786 2823 2828 memo-

436 2848 589 2910 riam
622 2846 995 2922 renovando,
1027 2859 1093 2908 ut
1121 2846 1236 2908 sibi
1270 2846 1518 2908 multum
1539 2847 1674 2928 jam
1706 2846 1968 2910 licentiae
2000 2862 2238 2932 partum
2271 2864 2442 2911 esset.
2527 2847 2662 2912 Nec
2687 2873 2824 2935 pre-

435 2934 606 2994 cibus
627 2932 880 3010 tantum,
908 2931 1013 2994 sed
1062 2931 1120 2994 vi
1166 2930 1349 2994 etiam
1394 2946 1774 3014 congregato
1820 2935 2090 2996 exercitu
2124 2934 2413 3019 inciperet
2441 2937 2820 3019 provinciam

435 3034 713 3098 vastare;
759 3018 844 3080 ita
888 3032 953 3079 ut
996 3017 1381 3102 pedetentim,
1413 3018 1516 3102 qui
1549 3017 1913 3080 favorabiles
1944 3020 2023 3081 ab
2053 3019 2227 3080 initio
2251 3019 2508 3096 fuerant,
2553 3043 2682 3083 esse
2729 3024 2820 3085 in-

435 3105 707 3189 ciperent
752 3104 970 3167 odiosi.
1059 3101 1245 3165 Hunc
1298 3104 1411 3166 sibi
1461 3103 1853 3166 novissimum
1907 3103 2050 3166 belli
2093 3120 2295 3166 actum
2327 3105 2577 3167 minime
2628 3108 2821 3190 negli-

356 3192 703 3272 15gendum
736 3207 901 3252 ratus
932 3187 1170 3266 Caesar,
1201 3189 1275 3251 eo
1324 3190 1543 3274 raptim
1577 3189 1997 3273 proficiscitur.
2083 3188 2229 3252 Duo
2276 3190 2339 3253 in
2381 3191 2500 3254 hoc
2555 3191 2670 3254 iter
2716 3195 2818 3256 vix
2887 3217 2896 3224 ·

436 3277 645 3339 auditu
677 3274 993 3337 credibilia
1016 3274 1374 3338 inciderunt.
1462 3272 1628 3336 Nam
1659 3274 1838 3336 etiam
1866 3276 1945 3336 ab
1972 3276 2118 3337 urbe
2144 3274 2352 3339 Roma
2370 3276 2430 3337 in
2452 3274 2819 3361 Hispaniam

434 3362 781 3424 ulteriorem
809 3360 1167 3422 immensum
1200 3373 1377 3422 terrae
1408 3383 1435 3421 s
1482 3360 1669 3422 atium
1701 3381 1977 3422 emensus
2011 3382 2092 3422 tv.
2142 3375 2202 3424 et
2245 3382 2342 3424 xx.
2375 3362 2473 3424 die
2503 3365 2818 3446 pervenit:

433 3446 676 3524 viatori,
697 3468 772 3507 ne
796 3446 996 3508 dicam
1022 3445 1334 3522 exercitui,
1355 3382 1629 3508 celleritas
1649 3446 1938 3529 optanda.
2026 3445 2367 3528 Magnum:
2398 3448 2515 3509 hoc
2536 3450 2703 3531 quod
2731 3472 2820 3512 se—

435 3533 658 3616 quitur,
688 3531 900 3613 majus.
988 3528 1228 3592 Horum
1276 3530 1571 3613 siquidem
1604 3545 1725 3593 tam
1770 3552 2103 3615 paucorum
2160 3533 2357 3615 spatio
2404 3533 2661 3611 dierum,
2695 3549 2817 3598 tam

348 3617 654 3681 20multas
691 3616 848 3679 inter
875 3637 1072 3694 curaS‚
1103 3615 1344 3678 Poema
1387 3615 1646 3701 scripsit,
1702 3617 1866 3698 quod
1918 3616 2222 3700 inscripsit
2271 3616 2414 3695 Iter,
2470 3620 2634 3700 quod
2667 3619 2816 3684 illud

433 3703 661 3766 scilicet
691 3703 752 3765 in
806 3702 1017 3765 itinere
1058 3701 1360 3764 edidisset.
1448 3700 1555 3764 Sic
1603 3699 1879 3764 Pierides
1924 3703 2107 3763 armis
2139 3704 2416 3781 inserere,
2447 3703 2630 3766 etiam
2663 3727 2818 3768 nun-

431 3811 614 3872 quam
648 3789 875 3851 otiosus
904 3807 1033 3850 esse
1072 3787 1387 3853 didicerat.
1475 3785 1690 3849 Primo
1721 3785 1992 3850 Caesaris
2023 3788 2084 3850 in
2130 3786 2493 3872 Hispaniam
2549 3790 2816 3853 adventu

431 3876 743 3938 civitatum
773 3888 971 3936 motus
990 3874 1204 3955 ingens
1227 3872 1357 3951 fuit,
1384 3872 1651 3957 undique
1678 3872 1866 3955 legati
1886 3873 1965 3935 ad
1989 3893 2147 3948 eum,
2168 3874 2436 3958 undique
2455 3874 2814 3958 transfugae.

427 3960 569 4024 Jam
623 3961 783 4023 enim
837 3958 1201 4043 Pompeiani
1216 3962 1474 4040 juvenes
1527 3959 1652 4022 sive
1701 3959 1765 4022 in
1812 3958 2040 4036 odium,
2072 3959 2197 4022 sive
2240 3960 2303 4022 in
2360 3961 2613 4022 taedium
2661 3962 2812 4025 verti

343 4052 784 4132 25coeperunt3
829 4045 1008 4108 etiam
1041 4057 1108 4106 ut
1136 4043 1304 4107 nulla
1331 4059 1485 4106 esset
1515 4044 1577 4106 in
1607 4045 1693 4107 eis
1717 4044 1917 4128 culpa.
2004 4041 2148 4106 Mos
2175 4057 2267 4107 est
2294 4058 2496 4107 tamen
2527 4047 2812 4128 antiquus

430 4133 794 4219 populorum
849 4152 1086 4215 semper
1132 4151 1324 4192 novos
1376 4129 1678 4207 dominos,
1727 4151 1915 4192 novas
1969 4151 2062 4192 res
2110 4143 2364 4214 optare3
2407 4130 2592 4193 etiam
2647 4131 2811 4195 fama

428 4218 683 4288 Casaris
736 4216 899 4280 haud
930 4214 1229 4278 immerito
1261 4237 1441 4299 super
1469 4235 1678 4277 omnes
1705 4229 2059 4278 excreverat
2085 4236 2100 4277 ε
2148 4231 2213 4278 ut
2241 4215 2502 4279 universi
2534 4216 2809 4279 homines

426 4306 555 4386 ejus
604 4302 924 4388 splendore
970 4315 1349 4386 caperentur,
1402 4314 1809 4384 cuperentque
1837 4321 2047 4364 coram
2089 4322 2354 4380 cernere,
2385 4322 2563 4385 quem
2618 4323 2810 4384 usque

425 4390 582 4452 adeo
614 4388 950 4451 mirabilem
999 4387 1347 4450 audiebant.
1436 4384 1510 4448 In
1543 4387 1660 4448 boc
1689 4385 1992 4470 principio
2022 4386 2155 4470 ipso
2186 4387 2371 4448 maris
2401 4387 2463 4449 in
2494 4386 2670 4464 nstin,
2703 4389 2808 4450 ubi

340 4472 709 4536 300ceanus
737 4474 910 4536 terris
941 4472 1226 4549 illabitur,
1273 4472 1455 4534 etiam
1502 4469 2018 4534 Mediterraneum
2068 4473 2184 4534 boc
2233 4471 2487 4555 pelagus
2531 4485 2802 4534 nostrum

420 4557 600 4640 parit,
644 4557 800 4620 inter
829 4558 1063 4639 legatos
1111 4557 1368 4619 invicem
1422 4557 1686 4640 partium
1731 4556 1871 4618 hinc
1919 4555 2196 4634 Didium,
2241 4557 2406 4619 illinc
2446 4555 2703 4633 Varum,
2745 4574 2804 4620 et

419 4640 717 4701 ambobus
769 4662 906 4702 cum
961 4643 1095 4725 ipsa
1142 4655 1491 4725 tempestate
1543 4656 1812 4703 creatum
1855 4658 1961 4704 est.
2051 4639 2186 4704 Nec
2230 4642 2426 4704 minus
2457 4643 2494 4704 a
2523 4646 2715 4704 ventis
2742 4656 2803 4703 et

416 4723 718 4804 fluctibus,
771 4726 956 4807 quam
1003 4728 1084 4792 ab
1136 4727 1429 4809 hostibus,
1475 4726 1754 4812 periculi,
1802 4739 1984 4813 atque
2034 4727 2327 4806 horroris,
2357 4728 2504 4800 dum
2555 4741 2617 4790 et
2657 4725 2797 4789 hinc
