3059 5050
825 216 952 299 nn
992 230 1296 296 BELm
1338 224 1602 294 Anax„
1645 212 1982 294 usna·
2293 208 2306 213 “
2508 230 2636 297 sus

184 384 384 449 'mstar
406 382 467 444 in
496 394 713 445 terram
738 393 1121 463 exposuerat.
1204 376 1352 441 Non
1370 378 1528 440 enim
1551 377 1754 461 plures
1772 375 2094 439 consistere
2111 376 2410 459 angentia
2430 376 2554 441 loei

188 470 594 553 patiebantur.
679 463 963 547 Reliquae
991 461 1189 546 copioe
1235 463 1298 524 in
1326 462 1583 525 navibus
1609 460 1923 525 stationem
1954 461 2323 524 obtinebant.
2409 461 2558 543 Quo
2597 476 2604 493 ³

191 552 359 615 sacto
383 553 639 634 imperat
654 562 897 632 pontem
921 547 1208 611 adversius
1231 548 1458 609 hostem
1479 543 1842 630 proevallari,
1859 544 2074 626 euque
2090 544 2287 608 exitus
2303 547 2560 609 navibus

191 649 345 711 erat,
375 634 604 733 fornice
631 646 1081 779 extrugltpgrguo
1132 631 1742 777 ροωεῗεὶιξιεξᾚ,
1785 627 2090 727 lapidibus
2118 629 2350 776 oppblgri
2379 645 2559 730 atque
2603 718 2644 775 ⁵

192 721 475 782 obstrun:
561 738 775 780 uorum
1050 736 1231 799 opere
1358 735 1426 776 ec
1493 760 1510 790 ,
1780 733 2030 776 omnmo
2076 733 2182 775 sca
2353 714 2559 797 egredi

193 817 440 888 posset:
482 741 677 865 aliero
703 801 989 877 instituto,
1017 820 1225 861 onmes
1276 797 1828 863 Alexandrinomm
1872 795 2072 881 copiae
2099 734 2455 882 expoppido
2500 819 2564 862 se

194 888 439 971 ejicere,
460 900 524 949 et
549 900 763 949 contra
790 885 1146 947 munitiones
1175 883 1374 966 pontis
1403 882 1620 949 latiore
1665 881 1804 945 loco
1846 881 2280 959 constitertmn
2319 884 2566 947 eodem·

198 994 324 1055 que
353 986 640 1055 tempore,
668 992 806 1052 quae
832 981 1264 1032 consueverant
1292 968 1542 1049 navigia
1570 988 1679 1051 per
1789 980 1920 1029 ntes
1943 966 2023 1029 ad
2045 967 2328 1030 incendia
2353 988 2570 1030 onera·

201 1057 431 1119 riarum
459 1056 742 1131 emittere,
770 1054 848 1116 ad
892 1053 1108 1115 molem
1160 1052 1615 1115 constituerunt.
1757 1051 2101 1133 ugnabatnr
2146 1051 2184 1114 a
2228 1052 2446 1114 nostris
2489 1072 2571 1115 ex

203 1154 410 1225 ponte,
440 1161 516 1203 ex
546 1138 746 1217 mole3
788 1140 866 1200 ab
895 1136 1011 1199 illis
1037 1158 1118 1200 ex
1149 1136 1310 1214 area,
1364 1157 1506 1219 quoe
1557 1150 1689 1199 erat
1737 1134 2024 1198 adversus
2067 1150 2334 1219 pontem,
2383 1147 2445 1199 et
2493 1140 2654 1200 exlo

201 1226 457 1288 navibus
485 1236 695 1285 contra
724 1222 963 1285 molem.
1064 1232 1071 1240 '
1402 1260 1411 1268 ·

286 1307 435 1371 XX.
480 1306 550 1369 In
577 1308 667 1368 his
686 1309 867 1369 rebus,
892 1318 1193 1390 occupato
1235 1303 1505 1383 Cessare,
1538 1304 1871 1389 militesque
1921 1304 2219 1383 hortante,
2271 1305 2569 1390 remigum

200 1414 459 1491 magnus
490 1413 769 1454 numerus
798 1404 859 1452 et
886 1391 1329 1490 classiariorum
1354 1412 1435 1452 ex
1466 1391 1666 1490 longis
1709 1390 1963 1453 navibus
2006 1389 2314 1490 nosti-isin
2350 1391 2570 1492 molem

197 1475 1215 1645 ffiffz‘agffifoeiffpzfflz
1236 1474 2162 1644 ΐνῑὲῑῖὼὴὲῗὲἑωῖῲὲῗζῗη
2179 1488 2654 1625 ⁸2:¹¹¹smffiz'315

198 1646 367 1709 mole
393 1645 805 1728 repellebant3
845 1666 921 1707 ac
953 1644 1204 1706 multum
1302 1644 1555 1707 relicere
1593 1643 1974 1706 multitudine
2000 1644 2256 1707 telorum
2285 1646 2577 1709 videban-

204 1745 321 1793 tur.
409 1730 534 1791 Sed
562 1743 880 1812 postquam
911 1728 1070 1790 ultra
1093 1749 1232 1790 eum
1257 1666 1460 1790 Ecum
1491 1730 1571 1790 ab
1599 1728 1784 1790 latere
1805 1746 2014 1790 eornm
2043 1742 2256 1811 aperto
2284 1732 2412 1792 ansi
2443 1742 2581 1792 sunt

204 1815 415 1897 egredi
445 1835 521 1874 ex
546 1813 801 1875 navibus
827 1813 1228 1874 Alexandrini
1280 1811 1480 1896 pauci,
1510 1824 1578 1874 ut
1604 1810 1733 1873 sine
1778 1811 1966 1893 signis
2011 1812 2306 1895 certisque
2352 1814 2579 1877 ordini-

206 1901 342 1975 buS,
374 1898 499 1959 sine
530 1898 761 1958 ratione
792 1897 1158 1980 prodierant,
1189 1895 1273 1958 sic
1303 1895 1524 1959 temere
1573 1896 1636 1958 in
1687 1914 1872 1957 naves
1924 1895 2199 1977 refugere
2246 1911 2578 1981 coeperunt.
2673 1970 2678 1983 ¹

207 1982 491 2065 Quorum
520 1980 669 2063 fugi
713 1980 943 2044 incitati
982 1979 1385 2044 Alexandrini
1408 2001 1490 2043 ex
1518 1980 1775 2042 navibus
1804 1980 2286 2062 egrediebantur,
2316 1989 2664 2047 nostros-20

209 2089 329 2150 que
358 2066 553 2128 acrius
582 2066 962 2150 perturbatos
991 2065 1474 2147 insequebantur.
1560 2064 1756 2126 Simul
1809 2065 1912 2147 qui
1965 2064 2027 2125 in
2075 2068 2332 2130 navibus
2383 2068 2583 2150 longis

211 2163 639 2227 remanserant,
670 2149 865 2214 scalas
894 2168 1122 2233 rapere,
1154 2169 1455 2232 navesque
1506 2150 1544 2212 a
1584 2148 1745 2212 terra
1791 2148 2079 2233 repellere
2129 2155 2583 2237 properabant;

210 2258 288 2299 ne
339 2237 537 2297 hostes
606 2234 859 2297 navibus
930 2234 1283 2318 potirentur.
1397 2233 1639 2317 Quibus
1690 2233 1971 2298 omnibus
2022 2236 2200 2299 rebus
2252 2240 2582 2321 perturbati

209 2320 425 2382 milites
453 2320 642 2382 nostri
668 2317 1009 2382 cohortium
1038 2318 1239 2392 trium,
1286 2339 1427 2402 quoe
1456 2320 1519 2381 in
1551 2331 1753 2402 ponte,
1785 2339 1858 2381 ac
1885 2318 2083 2402 prima
2112 2321 2270 2384 mole
2296 2325 2582 2386 constite-

209 2418 366 2482 rant,
399 2425 579 2487 quum
628 2416 768 2488 post
818 2425 881 2465 se
927 2403 1254 2466 clamorem
1307 2404 1687 2481 exaudirent,
1739 2402 1948 2485 fugam
1997 2424 2244 2469 suorum
2291 2408 2664 2488 viderent,25

209 2511 500 2573 maguam
528 2489 651 2552 vim
681 2488 935 2552 telorum
968 2486 1202 2552 adversi
1242 2488 1622 2567 sustinerent,
1651 2486 1825 2552 veriti
1866 2508 1944 2552 ne
1994 2490 2074 2553 ab
2126 2503 2301 2576 tergo
2325 2492 2585 2556 circum-

210 2576 574 2651 venirentur,
618 2589 676 2637 et
726 2574 989 2637 discessu
1041 2575 1284 2637 navium
1328 2573 1579 2636 omnino
1608 2573 1800 2636 reditu
1847 2573 2399 2658 intercluderentur,
2452 2599 2584 2642 mu-

210 2659 502 2723 nitionem
554 2660 615 2722 in
668 2672 911 2743 pontem
963 2658 1294 2722 institutam
1344 2659 1730 2741 reliquerunt,
1782 2670 1843 2721 et
1888 2679 2116 2741 magno
2143 2682 2322 2725 cursu
2351 2663 2585 2727 incitati

210 2746 293 2809 ad
323 2766 506 2808 naves
534 2745 985 2807 contenderunt.
1071 2742 1350 2826 Quorum
1395 2763 1540 2828 pars
1583 2741 1896 2828 proximas
1926 2756 2105 2807 nacta
2149 2765 2334 2810 naves
2387 2749 2588 2810 multi-

209 2830 419 2893 tudine
447 2829 755 2892 hominum
786 2842 965 2911 atque
994 2849 1176 2890 onere
1204 2828 1493 2912 depressa
1515 2843 1641 2890 est:
1698 2848 1840 2912 pars
1891 2829 2168 2892 resistens
2194 2843 2256 2893 et
2282 2832 2671 2911 dubitans,30

209 2915 357 2997 quid
388 2928 539 2977 esset
565 2913 927 2999 capiendum
979 2914 1237 2990 consilii,
1287 2915 1369 2976 ab
1420 2911 1854 2975 Alexandrinis
1905 2912 2214 2977 interfecta
2259 2931 2390 2978 est:
2435 2937 2588 2980 non-

211 2999 363 3064 nulli
392 2999 657 3062 feliciore
684 2999 851 3062 exitu
893 2999 1205 3082 expeditas
1251 2997 1329 3060 ad
1383 2997 1712 3060 anchoram
1765 3016 1951 3059 naves
1996 3000 2303 3063 consecuti
2354 2999 2588 3064 incolu-

212 3105 342 3146 mes
384 3084 819 3146 discesserunt:
866 3084 1047 3167 pauci
1095 3081 1337 3145 allevati
1368 3081 1571 3159 scutis,
1616 3094 1678 3144 et
1705 3081 1912 3143 animo
1939 3081 2019 3144 ad
2048 3084 2391 3147 conandum
2436 3085 2588 3163 nixi,

214 3169 297 3232 ad
371 3169 611 3231 roxima
639 3168 885 3250 navigia
913 3167 1292 3232 adnatz‘irunt.

432 3252 481 3316 1.
528 3252 763 3329 Coesar,
811 3253 1012 3334 quoad
1062 3252 1279 3336 potnit,
1308 3250 1688 3314 cohortando
1731 3270 1873 3313 suos
1896 3250 1974 3313 ad
2003 3263 2246 3335 pontem
2291 3267 2354 3317 et
2396 3239 2668 3319 muni-35

214 3339 408 3402 tiones
437 3337 819 3415 contendere,
849 3338 1060 3399 eodem
1092 3337 1156 3399 in
1186 3335 1454 3421 periculo
1481 3349 1752 3399 versatus
1803 3348 1932 3398 est:
1977 3349 2296 3420 postquam
2350 3339 2591 3404 univer·

216 3445 316 3486 sos
343 3423 559 3487 cedere
583 3422 1025 3498 animadvertit,
1044 3422 1108 3484 in
1137 3442 1308 3484 suum
1334 3419 1646 3503 navigium
1672 3442 1737 3482 se
1765 3421 2007 3504 recepit.
2095 3421 2240 3504 Quo
2265 3425 2588 3489 multitudo

218 3509 527 3572 hominum
556 3508 827 3570 insecuta
854 3528 1037 3588 quum
1070 3508 1445 3590 irrumperet,
1499 3527 1693 3588 neque
1743 3505 2204 3570 administrandi
2250 3530 2446 3595 neque
2498 3531 2589 3573 re-

217 3592 477 3679 pellendi
506 3593 547 3655 a
575 3592 731 3655 terra
761 3592 1013 3654 facultas
1043 3591 1330 3670 daretur3
1372 3589 1520 3668 fore,
1569 3592 1732 3673 quod
1779 3590 2021 3669 accidit,
2059 3592 2416 3677 suspicatus,
2463 3615 2591 3659 sese

219 3699 301 3740 ex
352 3678 599 3759 navigio
653 3678 847 3759 ejecit,
901 3689 1080 3759 atque
1115 3676 1211 3738 ·ad
1263 3696 1386 3753 eas,
1444 3695 1585 3758 quae
1637 3674 1879 3757 longius
1935 3677 2346 3756 constiterant,
2404 3685 2676 3744 naves40

220 3762 550 3825 adnatavit.
660 3761 826 3826 Hinc
872 3761 992 3823 suis
1045 3761 1461 3823 laborantibus
1507 3759 1777 3824 subsidio
1827 3780 1932 3822 sca
1973 3760 2083 3823 has
2130 3761 2386 3839 mittens,
2441 3784 2594 3826 non·
2639 3773 2644 3778 '

219 3845 420 3910 nullos
471 3846 866 3910 conservavit.
969 3844 1033 3909 N
1037 3846 1306 3928 avigium
1352 3844 1596 3927 quidem
1648 3844 1776 3907 e‘us
1821 3865 1881 3906 m
1948 3845 2202 3909 titudine
2245 3847 2591 3931 depressum

222 3931 499 4010 militum,
545 3932 669 3995 una
710 3953 847 3994 cum
901 3930 1246 3996 hominibus
1297 3929 1540 3993 interiit.
1692 3949 1768 3991 oc
1818 3928 2038 4013 proelio
2087 3930 2408 3996 desiderati
2459 3946 2597 3996 sunt

219 4038 303 4078 ex
332 4038 407 4078 eo
435 4037 686 4080 numero
714 4016 1186 4098 legionariorum
1233 4014 1488 4077 militum
1535 4013 1773 4078 circiter
1814 4034 1920 4077 cn.
1950 4028 2012 4077 et
2037 4014 2246 4099 paullo
2274 4015 2433 4081 ultra
2453 4039 2593 4081 eum

285 4199 330 4242 ὅ.
384 4198 590 4256 Quor-mn
623 4196 765 4245 altero
797 4211 931 4260 opere
967 4196 1163 4258 effecta]
1234 4195 1426 4245 Scilicet
1546 4195 1624 4242 83.
1655 4195 1808 4245 Pauci
1820 4194 2014 4245 alleva&
2030 4197 2203 4260 senaa]
2247 4198 2322 4246 Ex
2340 4199 2540 4260 Polybio
2552 4199 2679 4250 enim

221 4258 382 4319 pontis
405 4260 586 4306 fornice
601 4274 631 4305 ο
665 4258 807 4318 pleto.
1483 4257 1687 4305 latitudo
1707 4258 1828 4306 scuti
1849 4257 2053 4306 Romani
2073 4268 2178 4307 erat
2198 4274 2265 4310 tv.
2285 4262 2462 4319 pedum
2481 4275 2591 4309 cum
2609 4263 2680 4311 di·

285 4324 330 4368 8.
360 4320 437 4369 Ad
469 4321 569 4369 ιἠω
643 4319 655 4330 “
717 4319 1073 4383 anamim-xm]
1120 4319 1300 4381 Suppte
1330 4319 1421 4370 Re-
1483 4319 1648 4376 midio,
1884 4336 1914 4367 ο
1933 4336 2134 4368 veron.
2164 4324 2353 4380 pedum.

221 4396 484 4434 mm.
1545 4382 1626 4428 40.
1654 4381 1807 4430 Nam
1825 4380 2102 4443 naumann]
2139 4381 2390 4432 Sum-in·
2420 4386 2566 4434 tradit
2595 4401 2683 4446 per

285 4446 362 4492 21.
387 4444 537 4492 Simul
551 4445 633 4506 qm·
644 4444 697 4491 in
708 4442 1066 4506 noviomo-egis
1077 4444 1423 4506 mmmmm]
1487 4457 1565 4491 cc.
1596 4456 1766 4501 passus
1801 4455 1994 4492 natasse
2016 4444 2144 4490 elata
2163 4444 2295 4503 lovi,
2315 4458 2378 4494 ne
2397 4446 2542 4495 libelli
2563 4463 2680 4508 quos

221 4507 453 4555 Remmis
1485 4506 1679 4553 tenebat
1699 4518 1846 4554 manu
1875 4507 2204 4564 madefierent,
2240 4506 2354 4556 item
2375 4517 2527 4560 ίηαο
2547 4510 2681 4573 palm

284 4570 364 4616 22·
398 4567 556 4616 Scala!
568 4568 769 4630 ’‘apert-J
792 4567 970 4621 Quibus
986 4567 1034 4613 in
1048 4581 1195 4616 naves
1209 4569 1422 4617 ascendi·
1485 4568 1733 4628 dumento,
1753 4581 1814 4617 ne
1832 4568 1980 4618 bootis
1997 4569 2208 4620 haberet.

222 4638 319 4691 tut,
339 4645 401 4678 ne
423 4629 480 4677 iis
501 4635 698 4679 utantur
719 4630 879 4678 hostes
899 4643 1164 4680 azotum
