3059 5050
1213 231 1496 312 LIBER
1537 241 1657 313 111.
1723 228 1730 235 ’

2541 257 2670 317 2⁵3

198 410 677 486 componeretur,
703 410 887 481 atque
917 397 998 459 ab
1028 395 1212 459 armis
1240 395 1686 459 discederetur:
1730 393 1836 456 sed
1865 403 2222 478 potestatem
2237 400 2313 460 'se
2336 401 2463 482 ejus
2495 401 2582 466 rei

199 487 424 550 nullam
474 486 719 561 habere,
767 504 880 568 pro
926 494 1115 581 terea·
1136 482 1301 563 quod
1339 483 1416 544 de
1460 479 1703 543 concilii
1747 480 2039 541 sententia
2086 502 2383 547 summam
2437 486 2582 550 belli

199 590 517 653 rerumque
553 569 826 631 omnium

196 846 350 888 neve
391 825 547 887 alter

199 910 563 991 auxiliisque
594 908 733 970 suis.

917 586 1161 650 ompeio
1190 566 1606 649 permiserint:
1652 564 1753 626 sed

197 657 355 734 uitis,
407 656 696 718 missuros
742 653 823 716 ad
869 651 1253 735 Pompeium,
1303 664 1486 733 atque
1533 649 1700 711 illum
1756 649 1987 732 reliqua

196 740 580 803 hortantibus
609 740 630 800 i
675 740 754 801 sis
778 759 794 799 τ
838 738 1065 799 interea
1096 750 1404 797 manerent
1433 735 1700 797 induciae
1730 736 1875 797 dum
1902 736 1982 797 ab
2007 737 2026 796 i

652 824 762 885 teri
806 833 1066 885 noceret.
1156 819 1297 882 Huc
1347 819 1519 883 addit
1561 840 1765 904 pauca
1808 820 1886 882 de
1929 821 2163 899 caussa,
2195 835 2255 884 et
2283 824 2359 886 de
2390 828 2584 910 copiis

1787 565 2103 648 postulatis
2134 565 2189 628 C
2197 570 2403 631 cesaris
2433 593 2585 656 cog-

2114 672 2143 711 r
2180 672 2242 713 se
2285 670 2583 735 acturum,

2029 672 2112 797 iig
2138 737 2319 799 rediri
2351 756 2583 823 posset3
2626 744 2665 806 5

285 993 499 1057 XVII.
546 992 783 1075 Quibus
812 992 988 1053 rebus
1024 1011 1217 1073 neque
1248 1004 1373 1052 tum
1407 989 1895 1075 respondendum
1929 989 2149 1053 Caesar
2176 993 2584 1076 existimavit3

197 1100 398 1163 neque
426 1099 605 1155 nunc,
636 1090 701 1139 ut
731 1077 1040 1138 memoriae
1065 1076 1379 1160 prodatur,
1411 1078 1556 1137 satis
1587 1094 1819 1136 caussae
1849 1089 2151 1160 putamus.
2219 1077 2584 1145 Postulabat

198 1164 439 1240 caesar,
482 1176 548 1225 ut
593 1163 827 1245 legatos
871 1161 985 1223 sibi
1031 1162 1109 1222 ad
1155 1158 1519 1244 Pompeium
1567 1162 1695 1222 sine
1742 1161 2012 1245 periculo
2058 1163 2290 1225 mittere
2337 1165 2543 1229 liceret
2559 1173 2667 1248 310
2767 1203 2772 1207 -

195 1249 379 1332 idque
425 1248 537 1332 ipsi
586 1247 717 1309 sore
747 1246 1099 1329 reciperent,
1132 1259 1237 1308 aut
1289 1260 1572 1329 acceptos
1611 1267 1720 1329 per
1759 1267 1822 1307 se
1858 1248 1936 1308 ad
1985 1268 2121 1309 eum

2153 1250 2574 1332 perducerent.

189 1333 385 1416 Quod
414 1334 492 1395 ad
535 1333 810 1395 inducias
840 1333 1227 1415 pertinerent,
1257 1331 1340 1393 sic
1371 1331 1514 1393 belli
1563 1332 1857 1392 rationem
1890 1352 2017 1394 esse
2063 1333 2352 1415 divisam3
2398 1351 2465 1399 ut
2494 1334 2582 1400 illi

189 1419 386 1481 classe
410 1436 596 1480 naves
619 1417 974 1497 auxiliaque
998 1437 1108 1478 sua
1131 1417 1522 1500 impedirent3
1570 1417 1696 1498 ipse
1727 1430 1790 1477 ut
1815 1420 1978 1498 aqua
2000 1418 2279 1499 terraque
2302 1442 2406 1482 eos
2438 1444 2582 1522 pro-

190 1503 467 1566 hiberet:
510 1516 589 1580 et,
620 1503 669 1564 si
717 1502 836 1564 hoc
884 1500 997 1563 sib'i
1044 1502 1263 1563 remitti
1292 1500 1531 1578 vellent,
1581 1502 1950 1565 remitterent
1995 1502 2110 1587 ipsi
2159 1505 2234 1567 de
2263 1508 2579 1571 maritimis

183 1589 524 1667 custodiis3
569 1588 660 1649 sin
708 1586 857 1648 illud
905 1600 1193 1663 tenerent,
1243 1608 1305 1649 se
1351 1607 1593 1668 quoque
1623 1589 1682 1648 id
1716 1602 2131 1649 retenturum:
2190 1591 2661 1658 nihilominuslss

178 1686 395 1736 tamen
428 1673 533 1755 agi
564 1692 740 1756 posse
777 1672 854 1733 de
895 1671 1357 1754 compositione,
1405 1685 1470 1749 ut
1512 1671 1646 1733 haec
1696 1693 1816 1732 non
1865 1674 2340 1755 remitterentur3
2386 1698 2580 1761 neque

181 1760 355 1821 hanc
387 1779 514 1820 rem
546 1778 676 1818 esse
704 1756 1113 1839 impedimenti
1145 1755 1304 1817 loco·
1380 1754 1477 1817 Illi
1508 1777 1704 1837 neque
1730 1756 1961 1836 legatos
1992 1756 2261 1821 Caesaris
2293 1761 2603 1845 recipere,.

182 1863 394 1927 neque
425 1841 759 1926 periculum
792 1854 1083 1923 praestare
1112 1860 1342 1916 eorum,
1373 1840 1476 1901 sed
1509 1852 1695 1901 totam
1739 1861 1864 1902 rem
1905 1842 1982 1904 ad
2031 1840 2393 1927 Pompeium
2444 1847 2581 1928 reji-

182 1949 370 1991 cere:
418 1946 604 1989 unum
635 1926 859 1987 instare
888 1926 964 1987 de
988 1925 1266 2002 induciiS,
1293 1925 1929 2008 vehementissimeque
1959 1930 2340 1992 contendere.
2405 1929 2581 2014 Quos

180 2014 295 2075 ubi
330 2011 551 2076 Ctesar
578 2011 890 2087 intellexit,
922 2011 1236 2093 praesentis
1266 2010 1518 2093 periculi
1552 2024 1732 2092 atque
1770 2011 1998 2094 iuopiae
2028 2014 2298 2076 vitandae
2342 2017 2665 2097 caussffl

178 2118 434 2161 omnem
467 2096 802 2161 orationem
828 2096 1171 2172 instituisse,
1194 2117 1389 2177 neque
1416 2094 1599 2156 ullam
1629 2117 1815 2179 spem,
1844 2110 1948 2157 aut
1971 2099 2381 2163 conditionem
2408 2104 2579 2186 pacis

182 2182 442 2261 afferre3
488 2181 568 2244 ad
600 2181 891 2261 reliquam
922 2182 1354 2259 cogitationem
1388 2179 1528 2241 belli
1563 2201 1689 2241 sese
1720 2181 1962 2264 recepit.

273 2265 519 2330 XVIII.
552 2263 828 2328 Bibulus
857 2264 1078 2327 multos
1107 2264 1235 2327 dies
1264 2264 1423 2327 terrii
1453 2265 1809 2348 prohibituS,
1852 2279 1911 2327 et
1940 2267 2224 2349 graviore
2254 2273 2470 2335 morbo
2499 2295 2578 2337 ex

182 2352 418 2436 frigore
446 2374 519 2415 ac
549 2351 760 2415 labore
806 2350 1153 2434 implicitus,
1183 2372 1369 2432 quum
1395 2372 1591 2433 neque
1619 2352 1819 2413 curari
1862 2367 2081 2437 posset,
2114 2375 2308 2437 neque
2336 2377 2579 2444 suscep·

184 2450 321 2499 tum
346 2438 608 2500 officium
634 2437 907 2499 deserere
937 2438 1133 2513 vellet,
1166 2440 1286 2497 vim
1314 2442 1466 2497 morl
1493 2441 1513 2497 i
1537 2451 1822 2499 sustinere
1843 2458 1964 2499 non
1989 2442 2205 2522 potuit.
2291 2440 2393 2503 Eo
2415 2447 2658 2506 mor-25

182 2536 322 2601 tun,
354 2524 431 2586 ad
463 2522 757 2585 neminem
786 2543 969 2584 unum
997 2543 1234 2584 summa
1264 2522 1498 2607 imperii
1526 2522 1698 2600 redit,
1731 2524 1832 2584 sed

176 2630 314 2691 que
341 2607 591 2671 classem
623 2609 702 2670 ad
750 2608 1062 2669 arbitrium
1096 2629 1267 2669 suum
1302 2607 1780 2669 administrabat.

1866 2525 2182 2668 {eperatim
2211 2547 2379 2589 suam
2414 2531 2578 2612 quis-

1934 2609 2197 2687 munins,
2242 2614 2452 2676 sedato
2483 2630 2577 2679 tu-

180 2693 405 2770 multu,
457 2714 631 2776 quem
679 2694 1022 2777 repentinus
1062 2693 1352 2755 adventus
1406 2690 1675 2755 Caesaris
1721 2693 2152 2773 concitaverat,
2185 2698 2287 2759 ubi
2312 2700 2576 2782 primum

172 2800 395 2842 rursus
425 2779 697 2841 adhibito
728 2779 986 2855 bibone,
1018 2793 1077 2839 et
1106 2778 1183 2841 L.
1212 2777 1502 2858 Luce-ein,
1534 2793 1594 2839 et
1620 2776 2024 2861 Theophane,
2055 2783 2273 2863 quibus
2302 2805 2578 2849 commu·

174 2866 396 2928 nicare
425 2864 501 2926 de
529 2864 813 2926 maximis
843 2865 1020 2925 rebus
1045 2862 1377 2947 Pompeius
1405 2876 1820 2940 consueverat,
1852 2863 1929 2925 de
1973 2867 2276 2929 mandatis
2305 2867 2660 2936 Caesarisse

168 2970 371 3032 agere
399 2950 692 3028 instituit3
735 2969 871 3010 eum
905 2949 1239 3030 ingressum
1272 2953 1334 3009 in
1378 2969 1713 3009 sermonem
1768 2949 2101 3032 Pompeius
2151 2956 2572 3036 interpellant,

164 3048 243 3099 et
267 3034 435 3118 loqui
466 3034 643 3118 plura
673 3033 999 3116 prohibuit.

1087 3030 1256 3115 Quid
1294 3032 1461 3108 mihi,
1492 3031 1706 3114 inquit,
1738 3047 1844 3093 aut
1872 3034 1996 3095 vita
2024 3048 2130 3096 aut
2153 3036 2397 3100 civitate
2421 3062 2574 3126 opus

158 3134 290 3197 est,
338 3140 521 3202 quam
575 3117 872 3180 beneficio
926 3117 1195 3180 Caesaris
1242 3117 1465 3178 habere
1518 3116 1815 3179 videbor?
1861 3115 2056 3200 Cujus
2087 3120 2170 3182 rei
2201 3122 2411 3205 opinio
2443 3126 2572 3188 tolli

162 3226 307 3269 non
339 3203 580 3288 poterit,
625 3205 808 3285 quuni
860 3203 921 3264 in
975 3200 1236 3280 Italiam,
1267 3224 1345 3265 ex
1377 3201 1498 3283 quii
1523 3201 1825 3285 profectus
1874 3223 2026 3280 sum,
2057 3206 2337 3271 reductus
2366 3210 2573 3274 existi-

160 3291 420 3368 mabor,
456 3289 614 3351 bello
644 3286 929 3373 perfecto.
1016 3288 1117 3351 Ab
1143 3288 1213 3349 iis
1246 3285 1464 3350 Caesar
1490 3288 1624 3350 haec
1653 3288 1817 3350 dicta
1841 3290 2154 3370 cognovit,
2181 3293 2283 3374 qui
2309 3298 2651 3361 sermonisss

154 3375 599 3439 interfuerunt.
689 3371 967 3435 Conatus
996 3390 1198 3436 tamen
1228 3372 1418 3435 nihilo
1447 3372 1647 3436 minus
1675 3386 1765 3435 est
1794 3372 1926 3435 aliis
1951 3375 2286 3442 rationibus
2309 3400 2419 3466 per
2442 3383 2568 3446 col·

159 3460 393 3544 loquia
422 3460 499 3523 de
523 3480 676 3544 pace
706 3480 907 3542 agere.

238 3608 289 3653 9.
313 3606 577 3655 Postulabat
600 3608 770 3664 emar,
786 3612 837 3655 ue
860 3606 901 3655 le
937 3611 1034 3655 alos
1052 3607 1141 3655 sibi
1161 3607 1225 3655 ad
1248 3609 1386 3657 Pom·

144 3668 342 3736 pesum
367 3667 463 3716 sine
475 3669 681 3733 periculo
702 3670 877 3717 mittere
918 3670 1087 3745 icem]
1131 3672 1255 3724 Quia
1276 3687 1386 3718 cum

150 3732 270 3782 civi
305 3739 353 3778 et
391 3732 525 3779 hoste
553 3734 732 3780 nullum
754 3743 827 3780 est
863 3732 1114 3795 legationis
1174 3750 1226 3780 us
1255 3748 1383 3780 com·

146 3808 325 3846 mune
350 3796 527 3852 patrie.
570 3795 707 3842 Hosti
732 3796 917 3842 mittere
936 3797 1124 3858 legatos
1164 3796 1271 3852 icet,
1294 3798 1381 3843 sed

144 3856 412 3919 perduelli
432 3857 675 3905 nonlicet.
741 3858 904 3905 Caesar
936 3873 1080 3917 porro
1112 3859 1260 3905 hostis
1295 3874 1381 3917 pa·

146 3921 279 3969 tria
308 3917 551 3979 judicatus
585 3928 708 3977 erat,
744 3929 885 3980 atque
924 3921 1046 3969 adeo
1073 3921 1167 3968 suis
1205 3922 1379 3983 legatis

144 3980 319 4038 cavit,
338 3996 398 4028 ne
416 3982 495 4028 illo
512 3985 704 4029 nomine
723 3982 791 4029 vis
814 3982 869 4030 iis
886 4000 913 4031 a
932 3983 1160 4044 Pompeio
1182 3983 1377 4031 inferre-

144 4054 270 4102 tur,
292 4044 431 4102 quasi
454 4060 548 4092 non
571 4045 805 4107 legitimis.

236 4106 314 4153 13.
351 4107 452 4168 Ipse
483 4112 536 4154 ut
572 4109 695 4171 aqud
730 4110 941 4171 terr-Aque
977 4122 1051 4156 eos
1080 4107 1375 4171 prohiberet]

142 4167 315 4230 Aqua
338 4168 481 4228 dulci,
511 4185 616 4229 quae
648 4185 710 4217 ex
740 4179 878 4218 terrae
917 4170 1124 4218 sontibus
1157 4173 1378 4230 emmpit.

142 4232 280 4282 Nec
302 4231 430 4278 enim
453 4233 642 4280 marina
678 4248 804 4292 aqua
836 4232 932 4279 ullo
964 4234 1107 4279 modo
1138 4234 1376 4291 potabilis.

140 4295 221 4343 ld
248 4305 321 4340 est
346 4301 548 4354 tempus,
569 4296 677 4343 etim
710 4296 900 4342 aliunde
933 4303 1177 4342 revertens
1212 4295 1378 4343 (ἴωπ-

136 4359 231 4406 nd
266 4357 435 4403 levam
459 4358 641 4405 habens
664 4355 906 4417 p'aludem,
927 4358 989 4403 ad
1012 4359 1232 4404 dextrum
1261 4358 1376 4405 vero

140 4434 323 4476 mare,
368 4421 494 4467 unde
536 4421 835 4479 Pompeiana
871 4419 1036 4465 classis
1074 4419 1375 4480 adnavignns

125 4481 338 4546 jaculis
364 4497 421 4529 ac
443 4483 549 4529 telis
574 4482 727 4528 missis
749 4482 948 4528 mlnera
967 4483 1131 4539 dabat,
1153 4481 1255 4540 ipse
1268 4483 1373 4544 jus-

134 4545 225 4594 tit
270 4545 443 4592 milites
466 4543 493 4593 ὲ
518 4544 634 4591 levi
656 4545 718 4590 ad
749 4545 969 4590 dextram
1001 4552 1185 4591 scutum
1218 4551 1373 4591 trans·

134 4609 311 4664 fene,
335 4615 480 4667 atque
503 4609 595 4654 hoc
612 4615 756 4666 pacto
776 4606 983 4654 hostium
1004 4605 1208 4666 impetus
1225 4606 1374 4656 evita·

134 4669 263 4719 rit:
308 4671 463 4720 Autot-
483 4670 753 4733 Polym.

1514 3610 1587 3656 18.
1612 3610 1877 3683 Pte-dare]
1933 3611 2024 3658 Est
2045 3613 2238 3661 forense
2260 3618 2559 3665 vocabulum.

1508 3674 1589 3719 29.
1621 3673 1674 3720 L.
1699 3673 1929 3735 Lunam]
1966 3675 2020 3721 L.
2044 3675 2276 3724 Luoeeius
2313 3679 2520 3739 scriptor
2556 3678 2651 3727 Ro-

1446 3749 1602 3782 mame
1622 3735 1850 3793 historie,
1872 3739 1933 3783 ad
1957 3751 2099 3797 quem
2136 3749 2248 3786 sunt
2278 3741 2493 3800 epistola
2515 3741 2649 3791 Cice-

1445 3799 1576 3844 ronis
1592 3798 1671 3844 lib.
1692 3812 1737 3844 v.
1760 3800 1822 3845 nd
1845 3798 2019 3846 Pamin.

1506 3860 1576 3907 lb.
1619 3860 1931 3924 Theophane]
1966 3861 2286 3921 Theophanes
2318 3873 2420 3912 eunt
2458 3864 2649 3928 Mityle·

1445 3938 1590 3978 naeus,
1634 3938 1791 3969 rerum
1829 3935 2075 3984 gestarum
2115 3925 2332 3985 Pompeii
2376 3928 2598 3986 scriptor,
2619 3930 2649 3978 a

1442 3999 1537 4043 quo
1558 3985 1750 4043 quidem
1773 3985 1964 4032 civitate
1987 3987 2213 4045 donatus,
2232 3998 2278 4034 et
2297 3989 2455 4036 multis
2478 3991 2647 4049 opibus

1441 4047 1561 4104 fuit3
1597 4048 1659 4093 de
1680 4061 1774 4106 quo
1795 4045 1900 4096 Cic.
1921 4048 1971 4095 in
2004 4058 2128 4097 orat.
2159 4062 2250 4109 pro
2281 4049 2461 4098 Archi&
2480 4049 2649 4100 Poeta.

1440 4110 1561 4156 Inde
1593 4110 1898 4170 cognoscitur
1919 4122 2101 4170 quanta
2122 4122 2245 4159 esset
2269 4112 2337 4159 illi
2359 4114 2644 4172 Imperatori

1440 4186 1560 4218 cura
1581 4173 1820 4220 memorie
1851 4187 1946 4219 sue
1969 4174 2099 4232 apud
2132 4183 2350 4233 posteros
2370 4189 2645 4237 propagan-

1440 4236 1531 4292 dae,
1554 4233 1636 4294 qui
1672 4234 1792 4280 duos
1813 4235 2011 4282 haberet
2050 4237 2113 4283 ad
2151 4250 2347 4283 manum
2371 4237 2646 4296 scriptores,

1439 4298 1645 4342 alterum
1670 4295 1911 4352 Latinum,
1935 4298 2136 4343 alterum
2160 4299 2395 4345 Graecum.

1498 4360 1577 4405 30.
1609 4357 1685 4405 De
1725 4358 1959 4406 manda-'s
1991 4359 2189 4407 ecam-fs
2226 4373 2365 4433 agere
2406 4360 2643 4429 mauu]

1438 4420 1556 4467 ldeo
1579 4423 1617 4465 C
1621 4435 1742 4466 esar
1762 4422 1824 4467 de
1848 4434 1968 4479 pace
1990 4424 2183 4482 agebat,
2206 4436 2286 4480 qut
2309 4425 2523 4472 nondum
2548 4429 2642 4474 An·

1438 4482 1621 4529 tonium
1658 4497 1766 4528 cum
1789 4483 1886 4529 suis
1909 4483 2061 4541 copiis
2083 4485 2330 4531 transiisse
2363 4501 2494 4534 mare
2515 4491 2647 4537 dole·

1438 4547 1538 4600 bat,
1561 4559 1649 4591 nec
1668 4545 1885 4600 superior
1905 4555 2010 4592 erat
2032 4545 2281 4605 Pompeio,
2310 4556 2430 4596 teste
2454 4550 2640 4610 Dione3

1438 4606 1547 4654 ideo
1568 4613 1738 4654 ettam
1760 4606 1986 4656 ferociter
2009 4608 2298 4669 colloquium
2326 4613 2641 4668 disturbatum

1435 4669 1718 4780 adlisspsum
