3059 5050
1212 256 1802 324 FRAGMENTA.
2624 276 2753 336 409

271 412 550 489 scribens,
604 409 923 473 dictionem
971 407 1096 492 ejus
1149 418 1205 471 et
1258 407 1442 472 vitam
1499 408 1652 472 sicut
1703 408 1956 472 maxime
2005 431 2360 496 germanam
2405 413 2670 482 Periclis

285 499 796 581 Theramenisque
829 494 1153 557 extolleret.

401 664 531 731 EX
577 661 878 727 Llssms
924 660 1049 724 DE
1095 659 1565 752 ANALoelA
1607 662 1731 724 AD
1775 661 1867 725 M.
1919 662 2002 726 T.
2051 624 2618 736 otcERoNEM.

364 836 643 919 Reliquit
670 846 730 896 et
757 834 835 896 de
863 831 1180 912 Analogia
1207 831 1363 893 duos
1393 830 1602 905 libroS,
1633 831 1746 895 διε.
1835 830 1945 896 Ex
1977 832 2148 897 Suet,
2175 835 2241 898 in
2276 836 2538 903 oman,

1241 996 1371 1061 Ex-
1414 997 1700 1061 LlssRo
1747 998 1797 1062 1.
2641 966 2652 979 ‘
2708 1014 2748 1073 5

367 1168 533 1251 Quin
563 1166 741 1230 etiam
773 1185 847 1225 ex
874 1162 1162 1225 maximis
1200 1162 1706 1245 occupationibus
1749 1163 1890 1224 cum
1940 1164 2018 1226 ad
2069 1180 2127 1229 te
2179 1166 2397 1249 ipsum,
2451 1168 2664 1252 inquit,

279 1256 343 1318 in
376 1278 467 1316 me
513 1256 764 1327 intuen5‚
814 1250 890 1312 de
939 1249 1174 1310 ratione
1230 1247 1452 1310 Latine
1502 1248 1793 1329 loquendi
1836 1252 2290 1313 accuratissime
2340 1254 2662 1339 scripserit,

276 1342 590 1424 primoque
618 1340 677 1399 in
712 1337 870 1399 libro
895 1335 1119 1397 dixerit
1148 1335 1473 1395 verborum
1505 1333 1805 1396 delectum
1858 1335 2157 1417 originem
2211 1360 2338 1401 esse
2369 1339 2663 1423 eloquen-

275 1428 416 1486 tiae:
465 1424 879 1504 tribueritque,
915 1420 994 1481 mi
1024 1419 1236 1496 Brute,
1270 1420 1408 1480 huic
1436 1432 1665 1495 nostre,
1698 1420 1803 1501 qui
1837 1442 1931 1483 me
1961 1422 2038 1484 de
2093 1422 2197 1484 illo
2225 1425 2437 1487 maluit
2480 1427 2662 1509 quam

272 1532 336 1571 se
386 1511 610 1585 dicere,
665 1508 907 1570 laudem
967 1504 1334 1587 singularem
1390 1504 1561 1591 (narn
1613 1506 1851 1589 scripsit
1895 1507 1995 1569 his
2048 1510 2249 1570 verbis
2307 1510 2445 1572 cum
2501 1514 2749 1578 hunclo

270 1600 520 1658 nomine
551 1610 703 1656 esset
733 1594 948 1655 affatus
976 1591 1019 1676 z)
1054 1613 1127 1653 ac
1158 1593 1205 1652 si
1237 1590 1505 1671 cogitata
1539 1591 1837 1675 praeclare
1870 1592 2073 1675 eloqui
2100 1611 2361 1677 possent,
2391 1600 2664 1662 nonnulli
2745 1592 2752 1601 ’

273 1683 475 1743 studio
528 1695 588 1742 et
643 1701 746 1741 usu
806 1680 1238 1740 laboraverunt
1289 1676 1489 1761 (cujus
1544 1692 1601 1738 te
1655 1678 1812 1760 pene
1859 1679 2204 1824 principem
2252 1684 2451 1765 copiae
2484 1700 2664 1767 atque

274 1767 672 1841 inventorem,
702 1768 853 1826 bene
882 1764 957 1826 de
989 1763 1235 1825 nomine
1261 1784 1331 1823 ac
1360 1762 1658 1843 dignitate
1687 1784 1851 1846 popu
1881 1767 1898 1824 i
1927 1763 2197 1828 Romani
2227 1769 2502 1830 meritum
2536 1793 2665 1834 esse

272 1854 620 1914 existimare
640 1849 979 1934 debemus).
1030 1847 1216 1910 Hunc
1238 1847 1476 1910 facilem
1497 1863 1558 1908 et
1578 1849 1996 1929 quotidianum
2021 1851 2283 1914 noluisse
2304 1874 2660 1935 sermonem,

275 1960 436 2001 nunc
470 1960 581 2022 pro
608 1936 817 2000 relicto
847 1949 936 1998 est
965 1934 1334 1996 habendum.
1421 1931 1589 1994 Tum
1617 1932 1867 2011 BrutuS,
1923 1938 2116 1998 amice
2155 1939 2417 2016 hercule,
2450 1940 2745 2024 inquit,15

272 2039 332 2086 et
357 2022 686 2106 magnifice
712 2036 771 2084 te
798 2021 1111 2083 laudatum
1143 2035 1312 2104 put0,
1344 2040 1522 2101 quem
1557 2041 1681 2082 non
1731 2020 1924 2083 solum
1978 2023 2312 2106 principem
2364 2041 2544 2107 atque
2573 2028 2664 2089 in-

272 2124 583 2172 ventnrem
614 2108 815 2192 copiae
845 2107 1086 2182 dixerit,
1119 2127 1260 2187 quae
1290 2122 1421 2167 erat
1454 2126 1685 2186 magna
1714 2106 1863 2181 lam,
1918 2108 2020 2169 sed
2071 2110 2251 2170 etiam
2299 2112 2453 2173 bene
2483 2115 2663 2175 meri-

274 2209 398 2257 tum
433 2196 508 2257 de
537 2194 748 2280 populi
782 2191 967 2255 Rom.
999 2193 1246 2253 nomine
1274 2206 1334 2253 et
1362 2191 1682 2272 dignitate.
1771 2190 1880 2254 Ea·
1910 2191 2039 2255 Cic.
2069 2193 2134 2256 in
2165 2194 2389 2259 Bruto.

314 2336 323 2345 .
359 2280 437 2343 C.
472 2280 692 2343 Caesar
718 2279 821 2341 ille
850 2290 1174 2362 perpetuus
1203 2278 1485 2354 dictator,
1514 2276 1593 2339 C.
1627 2276 1909 2361 Pompeii
1941 2300 2133 2357 socer,
2189 2283 2227 2343 a
2278 2304 2402 2364 quo
2433 2282 2664 2347 familia

275 2378 335 2428 et
365 2366 694 2450 appellatio
718 2364 1033 2429 Caesarem
1061 2364 1347 2446 deinceps
1368 2378 1713 2447 propagata
1737 2379 1846 2440 est,
1869 2365 1959 2426 vir
1981 2366 2208 2447 ingenii
2238 2369 2748 2451 praecellentiS,20

276 2453 566 2515 sermonis
596 2466 818 2536 pra-:ter
849 2450 1002 2512 alios
1031 2470 1159 2511 suae
1190 2449 1386 2512 aetatis
1416 2449 1755 2524 castissimi,
1777 2449 1837 2511 in
1869 2449 2037 2512 libris
2069 2474 2220 2534 quos
2252 2454 2330 2515 ad
2356 2453 2446 2517 M.
2477 2455 2660 2519 Cice-

276 2559 483 2600 ronem
509 2540 584 2601 de
609 2537 919 2618 Analogia
943 2536 1200 2621 scripsit,
1222 2558 1437 2598 arenas
1464 2536 1680 2597 vitiose
1712 2537 1833 2597 dici
1855 2537 2259 2617 existimabat,
2282 2542 2447 2623 quod
2473 2565 2661 2607 arena

276 2645 583 2706 nunquam
616 2622 1015 2692 multitudinis
1046 2643 1299 2684 numero
1325 2621 1693 2705 appellanda
1719 2623 1813 2699 sit,
1846 2623 2018 2685 sicuti
2052 2646 2246 2707 neque
2275 2627 2500 2705 coelum,
2557 2652 2661 2692 ne-

273 2731 389 2791 que
418 2710 698 2773 triticum.
788 2706 1027 2770 Contra
1058 2721 1255 2769 autem
1284 2707 1645 2792 quadrigas,
1678 2708 1912 2769 etiamsi
1944 2732 2156 2771 currus
2189 2734 2340 2775 unus
2365 2737 2658 2797 equorum

269 2810 532 2877 quatuor
546 2798 903 2877 junctorum
939 2815 1123 2855 unum
1156 2793 1249 2869 sit,
1274 2792 1576 2876 plurativo
1603 2815 1838 2877 semper
1864 2816 2117 2858 numero
2143 2799 2434 2861 dicendas
2465 2806 2741 2883 putat‚25

273 2882 427 2943 sicut
477 2904 668 2958 arma,
701 2893 755 2941 et
783 2875 1018 2955 moenffl,
1050 2890 1105 2940 et
1135 2878 1398 2954 comitia,
1431 2888 1485 2938 et
1514 2878 1886 2955 inimicitias,
1914 2882 2026 2942 Sne.
2055 2880 2262 2945 Paulo
2282 2897 2448 2968 post,
2475 2884 2661 2949 Tunc

271 2966 516 3049 prolato
546 2966 702 3028 libro
732 2966 808 3027 de
851 2963 1160 3047 Analogia
1193 2965 1390 3047 prima
1421 2965 1609 3023 verba
1657 2964 1790 3024 haec
1845 2985 1919 3025 ex
1972 2987 2045 3025 eo
2097 2989 2295 3048 pauca
2350 2972 2663 3034 memoriae

270 3052 598 3114 mandavi:
645 3073 785 3113 nam
819 3051 982 3134 quod
1015 3050 1416 3134 praedixisset,
1448 3069 1645 3129 neque
1669 3047 1893 3125 coelum,
1917 3049 2265 3128 triticum-e,
2300 3075 2495 3136 neque
2525 3078 2662 3118 are-

267 3159 405 3198 nam
452 3137 832 3200 multitudine
875 3135 1381 3219 significationem
1439 3135 1605 3218 pati:
1652 3133 1818 3194 Num
1846 3150 1930 3212 tu,
1965 3137 2177 3218 inquit,
2212 3139 2426 3201 harum
2460 3161 2658 3204 rerum

270 3223 488 3285 natura
541 3223 814 3286 accidere
868 3222 1200 3298 arbitraris,
1257 3219 1425 3301 quod
1482 3241 1660 3280 unam
1712 3229 1953 3298 terram,
2004 3231 2060 3284 et
2150 3221 2308 3286 lares
2359 3237 2571 3302 terras,
2605 3233 2754 3291 etsso

268 3308 491 3387 urbem,
523 3319 577 3371 et
607 3307 800 3386 urbes,
833 3320 885 3371 et
913 3307 1247 3392 imperium,
1297 3315 1353 3367 et
1380 3304 1660 3390 imperia,
1705 3307 2027 3370 dicamus?
2138 3330 2291 3391 eque
2320 3312 2658 3397 quadrigas

266 3395 324 3455 in
364 3417 545 3456 unam
580 3395 840 3456 nominis
866 3394 1126 3474 figuram
1156 3391 1453 3474 redigere,
1488 3413 1682 3474 neque
1712 3415 1977 3470 arenam,
2004 3393 2065 3455 in
2118 3395 2514 3461 multitudinis
2547 3421 2656 3484 ap-

263 3480 651 3563 pellationem
683 3493 1035 3543 convertere
1070 3477 1417 3561 possimus?
1506 3476 1614 3539 Eoe
1637 3477 1718 3539 A.
1770 3477 1930 3540 Gell.
1963 3479 2068 3542 lib.
2099 3502 2223 3543 xix.
2256 3505 2390 3568 cap.
2425 3489 2484 3547 8.

344 3567 563 3649 Atque,
579 3568 638 3629 id
673 3567 838 3649 quod
887 3566 925 3626 a
978 3563 1232 3627 Caesare
1278 3563 1630 3626 excellentis
1679 3565 1906 3648 ingenii
1952 3588 2022 3627 ac
2056 3567 2396 3649 prudentiae
2425 3570 2539 3654 (ita
2569 3571 2652 3636 Α.

270 3649 525 3730 Gellius,
539 3650 899 3716 Macrobius
922 3649 1349 3735 providentiae)
1376 3651 1528 3724 viro,
1546 3651 1605 3711 in
1632 3651 1829 3733 primo
1850 3650 1926 3712 de
1947 3651 2258 3734 Analogia
2284 3654 2441 3717 libro
2467 3658 2740 3742 scrip-35

260 3750 384 3798 tum
416 3752 521 3815 est,
546 3739 700 3800 habe
732 3758 968 3821 semper
987 3737 1049 3798 in
1084 3737 1376 3797 memoria
1407 3750 1588 3817 atque
1618 3736 1679 3797 in
1711 3754 1975 3818 pectore,
2010 3752 2074 3799 ut
2103 3753 2394 3821 tanquam
2435 3763 2653 3827 scopu-

257 3821 381 3884 lum
414 3824 501 3885 sic
530 3823 731 3905 fugias
758 3823 1095 3885 inauditum
1129 3836 1311 3903 atque
1349 3822 1615 3884 insolens
1645 3824 1920 3885 verbum.
2010 3821 2117 3886 Ex
2145 3825 2228 3887 A.
2271 3825 2432 3889 Gell.
2465 3826 2569 3890 lib.
2605 3851 2646 3891 1.

257 3929 389 3993 cap.
428 3914 527 3972 10.
554 3920 609 3972 et
633 3907 919 3973 Mac-rob.
951 3907 1058 3972 lib.
1087 3929 1132 3970 1.
1167 3905 1422 3970 Satura.
1453 3928 1589 3993 cap.
1624 3912 1684 3970 5.

312 4125 359 4168 6.
401 4120 530 4181 Quin
558 4122 702 4170 etiam
730 4137 789 4172 ex
816 4123 1037 4172 uta-timis
1069 4121 1462 4186 occupationibus,
1527 4123 1767 4186 Analogia
1788 4127 1971 4173 dnobus
1993 4142 2113 4187 quos
2136 4129 2199 4174 ad
2221 4137 2270 4175 te
2292 4128 2500 4188 scripsit.

252 4185 360 4246 δια]
429 4185 482 4232 ln
517 4189 721 4233 transitu
754 4187 965 4246 Alpium,
998 4187 1106 4233 culm
1139 4201 1200 4233 ex
1243 4187 1461 4233 citeriore
1587 4191 1635 4234 8.
1655 4187 1906 4251 Primoque
1921 4190 1974 4237 in
1996 4190 2153 4252 libra]
2191 4191 2456 4253 Analogie.

253 4249 413 4295 Gallia
433 4249 746 4296 conventibus
769 4250 991 4308 peractis,
1014 4250 1077 4296 ad
1106 4250 1367 4296 exercitum
1390 4265 1462 4296 re·
1588 4253 1634 4297 9.
1659 4249 1786 4298 Huic
1808 4253 1997 4314 nostro]
2036 4254 2268 4301 Delectui.

251 4311 337 4357 ‹liit
371 4312 417 4357 in
452 4311 662 4358 Galliam
694 4313 988 4370 ulteriorem,
1019 4311 1210 4370 scripsit
1231 4313 1377 4359 libros
1398 4315 1458 4359 de
1585 4312 1654 4360 lb.
1685 4313 1780 4373 Qui
1801 4328 1872 4362 me
1894 4316 1948 4362 de
1971 4315 2053 4363 ileo
2074 4316 2282 4378 malua]
2331 4317 2415 4365 Me
2438 4318 2650 4367 Atticum
2672 4322 2733 4368 de

254 4374 489 4435 Analogia
512 4376 575 4420 ad
599 4375 903 4433 Ciceronem,
925 4385 978 4422 nt
1004 4383 1210 4422 testatur
1244 4376 1376 4423 Suet.
1409 4375 1457 4422 in
1521 4375 1606 4422 illo
1630 4377 1838 4423 Caesare.

254 4435 462 4494 Caesare,
482 4452 592 4496 cap.
614 4440 697 4484 56.
1589 4440 1660 4485 lb.
1690 4438 1842 4498 Qudm
1863 4441 1946 4501 ει]
2004 4441 2262 4488 Coesarem.

311 4499 382 4545 lb.
406 4500 604 4562 Inquit]
672 4500 873 4548 Atticus.
1592 4504 1663 4548 10.
1704 4504 1824 4550 Cium
1845 4504 1972 4551 hunc
2003 4503 2188 4551 nouam
2212 4508 2322 4551 esset
2343 4504 2554 4570 affatus]
2600 4509 2736 4556 Cice-

310 4563 355 4610 7.
381 4562 441 4609 In
460 4563 571 4623 ma]
629 4564 931 4610 Ciceronem.
972 4561 981 4570 “
1522 4579 1708 4612 ronem.

310 4623 381 4671 lb.
410 4623 764 4676 &arctissime
798 4625 1062 4689 scripserit]
1127 4626 1185 4674 ln
1223 4626 1355 4676 libris
1400 4630 1462 4674 de
1593 4628 1667 4674 12.
1697 4627 1849 4692 Cujus
1869 4634 1910 4676 te
1928 4627 2369 4693 pmeprindpsmq
2405 4633 2704 4683 Ciceronem.
