3059 5050
410 252 533 313 328
1435 246 1515 313 A.
1563 236 1858 311 HlRTn

493 393 827 478 iniquitate,
880 393 1313 456 consuetudine
1366 394 1564 477 magis
1617 395 1977 478 pervulgata
2027 394 2270 459 militari
2324 396 2620 459 credebat
2679 395 3017 459 instrui

493 480 730 556 Caesar,
784 478 878 541 vel
928 479 1004 541 ad
1064 500 1216 562 opus
1264 500 1437 541 suum
1491 480 1878 557 tardandum,
1933 503 2057 565 quo
2108 482 2307 566 plures
2353 483 2415 544 in
2470 483 2668 545 armis
2732 496 2986 544 texue-
3014 494 3016 557 ἱ

494 580 718 641 rentur,
752 564 844 626 vel
877 564 953 626 ad
984 563 1444 626 ostentationem
1477 567 1668 647 regiae
1698 566 1962 643 fiduciae,
2009 587 2084 629 ne
2113 566 2442 629 munitione
2473 567 2685 649 mag-is
2709 569 2988 651 quin

492 671 678 712 manu
707 648 1027 712 defendere
1050 630 1269 711 'locum
1324 647 1676 713 Pharnaces
1717 651 2039 713 videretur.
2126 650 2341 734 Itaque
2390 653 2724 714 deterritus
2775 674 2976 714 nom·

410 741 450 798 5
493 752 602 813 est,
635 757 754 818 quo
785 736 979 796 minus
1008 734 1207 817 prima
1236 735 1366 797 acie
1409 756 1522 818 pro
1574 734 1737 797 vallo
1791 737 2095 814 instructa,
2127 736 2358 821 reliqua
2405 758 2551 820 pars
2580 741 2968 799 exercitiis

495 843 647 905 opus
676 820 918 881 faceret.
1005 820 1089 880 At
1120 817 1471 882 Pharnaces
1499 819 1791 905 impulsus
1820 821 1945 883 sive
1973 821 2091 883 loci
2112 822 2412 899 felicitate,
2439 823 2570 885 sive
2601 825 2970 907 auspiciis

495 921 555 968 et
583 905 975 985 religionibus
1005 904 1306 983 inductus,
1339 906 1557 988 quibus
1587 906 2033 989 obtemperasse
2055 928 2192 969 eum
2222 924 2435 991 postea
2454 909 2948 986 audiebamnsg

491 991 616 1053 sive
645 990 949 1089 paucitate
980 1004 1344 1067 nostrorum,
1375 992 1479 1073 qui
1524 992 1588 1053 in
1634 992 1817 1053 armis
1846 1007 2038 1069 erant,
2090 992 2421 1076 comperta,
2469 1014 2672 1075 quum
2729 1015 2954 1055 more

493 1096 693 1160 operis
724 1075 1061 1158 quotidiani
1093 1097 1380 1158 magnam
1414 1076 1580 1139 illam
1603 1096 1909 1139 servorum
1939 1077 2400 1154 multitudinem,
2422 1099 2569 1161 quae
2597 1100 2934 1161 aggei-m

415 1162 793 1244 lOportabass
827 1160 1082 1223 militum
1113 1182 1242 1224 esse
1271 1161 1621 1224 credidisset
1646 1183 1666 1240 3
1711 1162 1837 1225 sive
1882 1162 2062 1225 etiam
2093 1164 2359 1225 veterani
2390 1164 2632 1225 fiducia
2661 1166 2938 1226 exerci-

490 1246 585 1308 tus
617 1245 728 1322 sui,
756 1267 933 1328 quem
983 1245 1154 1333 [eum
1185 1244 1456 1331 legione]
1508 1268 1664 1309 χχιι.
1697 1246 1760 1309 in
1791 1248 1923 1310 acie
1951 1248 2313 1326 conflixisse,
2334 1263 2392 1318 et
2422 1249 2679 1325 vicisse,
2711 1250 2928 1331 legati
3015 1290 3016 1313 ÷

490 1332 617 1414 ejus
649 1331 1069 1413 gloriabantur
1089 1353 1107 1410 ;
1152 1332 1327 1393 simul
1358 1345 1708 1417 contemptu
1737 1332 2038 1395 exercitiis
2085 1334 2293 1410 nostri,
2341 1354 2523 1415 quem
2583 1334 2856 1418 pulsum
2889 1338 2930 1396 a
2991 1336 3016 1383 ’ἓ

492 1438 573 1494 se,
600 1415 876 1479 Domitio
924 1417 1098 1493 duee,
1152 1417 1379 1479 sciebat
1411 1439 1429 1495 3
1475 1418 1627 1480 inito
1656 1417 1914 1480 consilio
1943 1418 2292 1495 dimicandi,
2322 1420 2711 1482 descendere
2741 1442 2922 1503 pra·-

493 1503 670 1586 ruptfi
700 1501 857 1564 valle
881 1523 978 1583 coe
1024 1502 1087 1564 it.
1176 1499 1371 1584 Cujus
1402 1502 1755 1585 aliquandiu
1781 1502 2000 1565 Caesar
2029 1503 2319 1567 irridebat
2343 1505 2596 1566 inanem
2629 1520 2922 1568 ostenta—

420 1588 744 1664 l5tionem‚
769 1602 828 1649 et
869 1608 944 1648 eo
997 1609 1113 1649 oco
1142 1586 1397 1650 militum
1428 1588 1921 1665 coarctationem,
1953 1610 2132 1672 quem
2162 1589 2224 1650 in
2255 1589 2458 1652 locum
2488 1610 2691 1651 nemo
2721 1613 2923 1653 sanus

496 1673 685 1735 bostis
715 1673 1015 1734 subiturus
1059 1687 1255 1735 esset:
1300 1694 1485 1755 quum
1541 1675 1777 1736 interim
1824 1671 2178 1736 Pharnaces
2229 1675 2442 1737 eodem
2490 1676 2730 1756 gradu,
2778 1700 2916 1759 quo

493 1772 867 1858 praeruptatn
899 1759 1293 1821 descenderat
1321 1760 1384 1821 in
1413 1758 1652 1836 vallem,
1685 1760 2008 1822 ascendere
2059 1760 2344 1822 adversus
2374 1761 2647 1822 arduum
2680 1762 2914 1824 collem

493 1844 791 1906 instructis
817 1845 1010 1927 copiis
1039 1845 1245 1928 coepit.

576 1927 846 1991 LXXV.
894 1928 1114 1992 Caesar
1143 1929 1478 1993 incredibili
1533 1931 1663 2012 ejus
1708 1929 1802 1992 vel
1857 1931 2187 1993 temeritate
2237 1929 2332 1991 vel
2381 1930 2626 1992 fiducia
2679 1946 2910 2006 motus

408 2018 688 2098 20neque
736 2016 994 2100 opinans
1041 2017 1492 2099 imparatusque
1544 2036 1886 2100 oppressuS,
1939 2017 2151 2079 eodem
2206 2029 2479 2100 tempore
2529 2017 2763 2078 milites
2823 2020 2903 2079 ab

490 2122 529 2161 o
607 2101 772 2162 ribus
802 2114 1002 2178 vocat,
1034 2122 1203 2163 arma
1232 2122 1452 2184 capere
1482 2102 1682 2183 jubet,
1732 2100 2002 2181 legiones
2055 2102 2329 2186 opponit,
2373 2101 2578 2163 aciem
2637 2103 2906 2164 instruit.

553 2186 683 2268 ujus
714 2184 797 2247 rei
830 2185 1028 2247 subita
1066 2186 1390 2271 trepidatio
1419 2206 1712 2268 magnum
1760 2203 2044 2250 terrorem
2091 2185 2287 2249 attulit
2337 2186 2590 2263 nostris,
2624 2188 2900 2249 nondum

488 2270 800 2333 ordinibus
829 2271 1152 2333 instructis.
1241 2268 1518 2334 Falcatae
1551 2271 1741 2353 regiae
1771 2272 2093 2354 quadrigae
2141 2272 2462 2356 permistos
2501 2272 2708 2334 milites
2734 2293 2882 2354 per-

490 2358 759 2434 turbant,
791 2378 930 2439 quae
962 2370 1166 2419 tamen
1195 2356 1469 2419 celeriter
1517 2355 1900 2420 multitudine
1932 2357 2209 2434 telorum,
2243 2357 2689 2441 opprimuntur.
2765 2354 2874 2416 ln-

407 2442 762 2526 25sequitur
792 2441 900 2504 has
932 2443 1091 2504 acies
1124 2442 1430 2521 hostium;
1484 2457 1545 2505 et
1591 2442 1859 2505 clamore
1912 2443 2150 2505 sublato
2197 2442 2575 2525 confligitur,
2637 2440 2878 2504 multum

489 2527 815 2611 adjuvante
845 2529 1063 2592 natura
1090 2528 1231 2606 loci,
1263 2530 1591 2612 plurimum
1645 2527 1921 2592 Deorum
1975 2529 2403 2592 immortalium
2461 2529 2888 2612 benignitate:

486 2615 591 2698 qui
624 2636 808 2697 quum
863 2616 1145 2676 omnibus
1197 2614 1438 2677 casibus
1490 2614 1634 2676 belli
1680 2615 1991 2691 intersunt,
2025 2630 2149 2677 tum
2181 2614 2497 2700 proecipue
2528 2616 2643 2690 eis,
2676 2616 2886 2698 quibu>

487 2699 639 2762 nibil
670 2700 905 2762 ratione
980 2699 1134 2761 otuit
1163 2698 1592 2761 administrari.

572 2782 876 2848 LXXVI.
922 2721 1161 2866 leiagno
1192 2799 1373 2868 atque
1420 2785 1547 2847 acri
1579 2783 1856 2847 cominus
1909 2784 2128 2867 proelio
2160 2785 2342 2862 sacto,
2391 2787 2616 2848 dextro
2678 2808 2884 2858 cornu,

404 2874 610 2955 30quo
634 2886 920 2934 veterana
942 2869 1107 2952 legio
1136 2890 1225 2932 vt.
1256 2885 1385 2933 erat
1412 2870 1738 2947 collocata,
1769 2869 2008 2932 initium
2041 2871 2320 2934 victoriae
2351 2888 2563 2934 natum
2593 2886 2693 2933 est
2713 2874 2795 2934 ab
2821 2874 2885 2932 ea

486 2971 678 3041 parte,
711 2979 898 3041 quum
930 2957 991 3019 in
1023 2955 1294 3042 proclive
1321 2956 1782 3020 detruderentur
1811 2956 2009 3018 hostes
2035 2979 2054 3034 3
2102 2956 2291 3019 multo
2345 2957 2600 3034 tardius,
2649 2958 2764 3020 sed
2801 2973 2882 3018 ta-

488 3063 627 3106 men
659 3044 873 3107 iisdem
906 3041 1046 3105 Diis
1098 3043 1551 3126 adjuvantibus,
1602 3042 1841 3104 sinistro
1894 3064 2105 3119 cornu,
2162 3043 2477 3124 mediaque
2531 3043 2696 3119 acie,
2749 3058 2876 3103 totae

487 3128 894 3212 profligantur
922 3128 1122 3214 copiae
1154 3129 1334 3211 regis,
1405 3129 1569 3210 Quae
1595 3128 1776 3210 quam
1808 3127 1986 3190 facile
2013 3128 2320 3190 subierant
2348 3127 2625 3209 iniquum
2659 3127 2875 3196 locum,

488 3229 610 3276 tam
645 3214 919 3277 celeriter
948 3215 1147 3295 gradu
1176 3213 1371 3296 pulsae
1401 3215 1829 3296 premebantur
1859 3213 1978 3275 loci
2004 3213 2340 3295 iniquitate.
2428 3212 2648 3295 ltaque
2679 3213 2870 3274 multis

405 3298 780 3360 35militibus
828 3301 1049 3383 partim
1100 3298 1441 3374 intersectiS,
1490 3298 1712 3380 partim
1763 3318 2010 3359 suorum
2058 3298 2236 3360 ruina
2265 3320 2346 3382 op
2489 3299 2590 3374 sis,
2623 3299 2725 3378 qui
2767 3317 2862 3356 ve-

487 3382 732 3444 locitate
785 3383 1051 3464 effugere
1098 3395 1394 3466 poterant,
1450 3383 1635 3444 armis
1677 3396 1880 3444 tamen
1909 3383 2215 3466 projectiS,
2245 3405 2284 3444 v
2368 3404 2466 3446 em
2499 3380 2848 3463 transgressi,

486 3467 639 3529 nihil
669 3488 745 3529 ex
776 3467 917 3530 loco
949 3467 1257 3551 superiore
1286 3468 1544 3529 inermes
1569 3467 1861 3552 proficere
1904 3483 2200 3551 poterant.
2285 3469 2372 3532 At
2400 3471 2590 3531 nostri
2613 3463 2857 3529 victoria

487 3552 631 3615 elati
660 3552 861 3614 subire
893 3553 1163 3635 iniquum
1218 3551 1442 3629 locum,
1494 3553 1979 3635 munitionesque
2034 3553 2290 3636 aggredi
2321 3576 2446 3616 non
2502 3553 2857 3618 dubitarunt.

488 3637 968 3702 Defendentibus
992 3651 1191 3700 autem
1225 3637 1297 3700 iis
1327 3639 1681 3701 cohortibus
1733 3653 1954 3716 castra,
1984 3660 2137 3722 quas
2180 3638 2536 3702 Pharnaces
2590 3637 2864 3724 praesidio

404 3725 834 3809 40reliquerat,
860 3724 1132 3787 celeriter
1160 3724 1372 3787 castris
1398 3725 1658 3786 hostiurn
1692 3737 1831 3786 sunt
1860 3725 2056 3808 potiti.
2145 3722 2469 3786 Interfectzi
2494 3725 2863 3788 multitudine

489 3812 679 3888 omni,
711 3825 815 3873 aut
841 3808 1042 3895 capta,
1090 3830 1338 3873 suorum
1386 3808 1738 3873 Pharnaces
1784 3831 1925 3873 cum
1962 3809 2176 3895 paucis
2226 3810 2530 3893 equitibus
2586 3808 2856 3895 profugit·

396 4005 588 4063 portare
605 4011 821 4060 aggerem
840 3997 1113 4061 servataque
1136 4010 1271 4059 agere
1283 3995 1441 4061 jussit.
1485 3996 1610 4058 Age-

407 4065 524 4109 bant
546 4062 673 4108 enim
694 4061 886 4108 servitia
906 4062 1034 4121 quod
1056 4060 1170 4120 ipsis
1203 4060 1431 4106 militibus
1461 4075 1608 4122 agen·

405 4124 522 4172 dum
544 4133 661 4172 erat.

474 4189 544 4236 17.
577 4185 833 4234 Ascendere
849 4185 1065 4233 adversm
1079 4186 1279 4234 arduum
1296 4183 1477 4242 collem,
1498 4181 1607 4245 zm]

406 4248 640 4309 Iniquitas
664 4248 756 4296 loci
787 4263 1016 4310 magnum
1052 4249 1198 4296 habet
1233 4256 1525 4295 momentum
1550 4248 1612 4292 ad

406 4306 670 4360 victo'riam.
735 4313 993 4373 Nunquam
1009 4310 1174 4358 Caeear
1190 4312 1354 4370 iniquo
1369 4310 1476 4357 loco
1492 4323 1612 4369 pug-

407 4375 555 4431 navit,
577 4390 853 4436 quanquam
877 4376 1039 4421 omnia
1060 4375 1243 4435 reliqua
1266 4375 1497 4420 faverent.

469 4437 546 4482 22.
569 4438 799 4498 Magnum
817 4443 1034 4486 terrorem
1047 4437 1219 4493 attulit,
1233 4436 1340 4496 δια]
1354 4436 1612 4493 Nunquam

407 4494 507 4540 sere
524 4496 688 4544 Caesar
709 4514 807 4545 non
829 4501 1052 4548 instruxit
1085 4500 1235 4547 aciem
1260 4508 1372 4546 aute
1404 4497 1614 4544 hostium

409 4556 679 4602 adventum.

468 4617 546 4660 23.
580 4616 779 4690 Paleou-2
802 4623 942 4683 reg-icc
973 4623 1257 4686 quadriga]
1295 4623 1481 4670 Harum
1511 4622 1609 4667 for-

406 4690 538 4722 ¹¹²⁸¹¹²
559 4688 782 4733 ⁶¹9¹·mut
804 4681 986 4741 Livius,
1018 4685 1099 4731 lib.
1123 4700 1248 4732 ινιτ.
1269 4687 1331 4731 de
1353 4684 1479 4730 bello
1503 4682 1610 4729 Ma·

1674 3997 1935 4044 eedouico:
1984 3996 2188 4044 Armene
2225 4000 2380 4043 aulem
2422 3995 2476 4043 in
2522 3997 2649 4044 hune
2691 3993 2858 4043 modun

1673 4065 1818 4107 erant.
1888 4057 2111 4122 cuspides
2124 4061 2245 4105 cirea
2265 4064 2486 4106 temonem
2511 4059 2570 4105 ab
2575 4059 2710 4122 jugo
2732 4059 2860 4105 dm

1672 4120 1846 4170 cubitos
1865 4128 2071 4168 mantes
2092 4122 2212 4169 velta!
2247 4136 2418 4168 eomua
2439 4121 2692 4178 habebant,
2715 4118 2860 4183 quibm

1673 4182 1893 4247 quicquid
1923 4182 2103 4231 obvium
2138 4183 2343 4241 daretur,
2379 4183 2730 4256 tramfigerent,
2765 4187 2800 4228 et
2817 4178 2857 4222 in

1674 4246 1888 4294 extremis
1906 4244 2048 4310 jug-is
2083 4245 2201 4294 bina:
2223 4246 2396 4294 circum
2418 4247 2686 4294 emmebant
2712 4243 2859 4308 sulces.

1674 4308 1821 4357 altem
1841 4314 2026 4379 aquata
2038 4307 2182 4372 jugo,
2203 4309 2351 4355 altera
2385 4307 2586 4372 inser-ior
2618 4309 2682 4358 ad
2709 4315 2861 4355 ten-m

1674 4370 1864 4426 devexa,
1885 4370 1971 4417 nlla
1990 4375 2040 4418 ut
2063 4369 2283 4433 quicquid
2312 4370 2372 4417 ab
2407 4370 2551 4418 latere
2585 4370 2856 4433 objiceretur,

1674 4433 1970 4489 abscinderet,
1991 4433 2088 4480 hoec
2107 4437 2158 4480 ut
2173 4432 2412 4504 prolapsos
2439 4434 2857 4495 procumbentem&

1674 4495 1973 4556 contingeret.
2027 4495 2144 4542 Item
2161 4494 2220 4541 ab
2236 4497 2403 4542 mbas
2415 4501 2644 4551 roim-mn,
2661 4494 2859 4552 tdrinqvss

1672 4556 1786 4606 bina
1807 4557 1963 4605 eodem
1984 4556 2115 4604 medo
2138 4549 2321 4604 diverat
2335 4555 2369 4603 d
2418 4557 2430 4568 “
2641 4554 2855 4622 ursula-⁸-

1672 4619 1898 4681 Vegetius
1920 4618 2034 4665 verb
2056 4618 2134 4664 lib.
2159 4634 2237 4666 ιη.
2257 4633 2363 4679 cap.
2386 4621 2462 4668 24„
2494 4620 2761 4666 remedium
2781 4612 2858 4658 ill!⁸

1671 4682 1885 4740 opponit,
1907 4682 2032 4741 quod
2058 4681 2122 4727 ibi
2143 4681 2264 4727 vide.
