3059 5050
854 254 984 335 'DE
1026 268 1333 337 BELLO
1373 268 1639 339 Am.
1677 269 1975 336 LIBER.
2521 272 2644 341 299

281 417 398 484 lv.
442 416 711 494 Interim,
742 417 1112 485 dissensione
1139 417 1274 483 ortt
1300 419 1454 485 inter
1480 420 1805 496 Achillam,
1830 419 1934 500 qni
1957 408 2244 483 vetera'no
2269 420 2559 485 exercitui

193 517 478 589 praeerat,
509 517 569 565 et
594 502 900 565 Arsinoen
926 503 1086 584 regis
1114 502 1433 571 Ptolemaei
1464 505 1755 569 minorem
1780 502 1990 580 filiam,
2017 517 2287 589 utsupra
2309 507 2559 569 demon·

200 603 449 651 stratum
479 601 586 663 est,
617 586 755 649 cum
785 602 1033 669 uterque
1062 588 1297 670 utrique
1324 588 1722 664 insidiaretur,
1753 601 1813 649 et
1840 608 2136 663 summam
2166 590 2246 653 im
2328 591 2402 652 rii
2430 591 2561 674 ipse
2629 646 2638 655 ‚

198 673 470 735 obtinere
500 670 716 749 vellet3
760 685 1151 755 praeoccupat
1174 672 1435 739 Arsinoe
1606 671 2026 775 Ganymedem
2056 693 2251 735 eunuc
2298 695 2418 751 um,
2448 697 2559 738 nu·

200 756 427 819 tritium
477 776 671 831 suum,
719 768 899 838 atque
940 754 1239 819 Achillam
1288 694 1586 821 interfi‘gg.
1623 748 1644 765 ’
1672 755 1816 821 Hoc
1862 757 2087 835 occiso,
2118 758 2250 840 ipsa
2278 759 2405 821 sine
2434 758 2560 823 ullo
2603 763 2642 821 5

201 841 371 903 socio
417 853 478 905 et
526 840 777 903 custode
828 858 1007 901 omne
1060 837 1141 901 im
1255 837 1377 899 'um
1431 838 1758 905 obtinebat.
1843 840 2167 907 Exercitus
2215 841 2562 925 Ganymedi

201 926 550 991 transditur.
645 922 726 1001 Is,
756 935 1030 1006 suscepto
1077 943 1116 984 o
1179 920 1298 997 cio,
1327 920 1712 1004 largitionem
1742 924 1805 983 in
1851 923 2066 989 milites
2096 939 2305 1008 aug-213
2348 927 2561 1010 reliqui

202 1011 340 1094 pari
364 1009 678 1092 diligentia
706 1006 1095 1073 administrat.
1767 1062 1772 1067 .

290 1094 371 1157 V:
413 1092 787 1157 Alexandria
813 1103 901 1153 est
923 1089 1046 1153 sere
1072 1103 1197 1152 tota
1222 1089 1492 1167 suffossa,
1518 1111 1851 1175 specusque
1873 1091 2056 1155 babet
2081 1092 2162 1155 ad
2190 1092 2400 1157 Nilum
2425 1117 2561 1178 per-

205 1176 475 1256 tinentes,
528 1179 742 1260 quibus
793 1197 953 1258 aqua
1005 1174 1067 1237 in
1114 1174 1380 1259 privatas
1428 1175 1646 1241 domos
1690 1175 2016 1254 inducitur,
2064 1198 2202 1277 quoe
2250 1179 2645 1261 paullatimlo

204 1263 400 1346 spatio
445 1261 727 1345 temporis
773 1260 1050 1343 liquescit
1080 1260 1168 1321 ‘ac
1214 1254 1485 1323 subsidit.
1567 1258 1707 1325 Hac
1754 1261 1842 1322 uti
1888 1259 2115 1325 domim
2162 1263 2561 1329 aedificiorum

203 1361 381 1428 atque
425 1367 632 1409 eortnn
680 1344 911 1409 familia
939 1357 1395 1409 consueverunt.
1482 1341 1648 1407 Nam
1697 1361 1837 1427 quse
1885 1344 2129 1409 flumine
2168 1345 2318 1411 Nilo
2359 1347 2561 1429 fertur,

203 1430 353 1495 adeo
383 1444 472 1497 est
511 1431 729 1496 limosa
775 1443 958 1511 atquc
1007 1428 1270 1507 turbida,
1301 1443 1366 1492 ut
1407 1427 1628 1491 multos
1670 1430 1993 1511 variosque
2035 1432 2280 1495 morbos
2325 1433 2562 1499 efficiat,

202 1514 323 1579 Sed
354 1516 427 1579 es
497 1516 660 1578 lebes
692 1536 765 1577 ac
794 1513 1114 1577 multitudo
1154 1526 1437 1577 contenta
1482 1528 1571 1577 est
1616 1514 1974 1592 necessario,
2024 1516 2187 1599 quod
2234 1517 2367 1583 sons
2414 1521 2563 1583 urbe

201 1602 328 1663 tota
375 1538 570 1663 nuilus
616 1613 721 1662 est.
811 1596 950 1661 Hoc
999 1608 1198 1661 tamen
1246 1598 1465 1661 flumen
1510 1599 1576 1661 in
1622 1599 1696 1661 eii
1739 1613 1910 1682 parte
1939 1601 2104 1664 urbis
2131 1616 2282 1679 erat,
2312 1624 2451 1685 quae
2481 1607 2642 1669 abl5

200 1684 988 1771 Alexandrinis-tenebatur.
1082 1682 1226 1765 Quo
1255 1682 1417 1745 sacto
1445 1696 1537 1745 est
1564 1684 1907 1746 admonitus
1938 1682 2344 1767 Ganymedes,
2387 1710 2563 1772 posse

202 1784 438 1832 nostros
485 1769 645 1851 aqua
671 1767 1019 1846 intercludi;
1062 1767 1163 1849 qui
1193 1766 1493 1829 distributi
1524 1767 1914 1829 munitionem
1962 1771 2318 1833 tuendarum
2348 1774 2564 1837 caussa

201 1854 449 1919 vicatim
497 1874 574 1917 ex
620 1852 870 1939 privatis
912 1851 1204 1929 oedificiis,
1253 1851 1551 1934 specubus
1595 1864 1654 1914 et
1702 1851 1893 1934 puteis
1922 1854 2194 1917 extracta
2229 1856 2389 1937 aquit
2435 1870 2561 1920 ute-

200 1939 442 2001 bantur.

290 2022 403 2087 VI.
462 2021 607 2086 Hoc
652 2023 913 2107 probato
956 2021 1229 2100 consilio,
1278 2042 1568 2104 magnum
1615 2041 1692 2105 aq
1732 2022 1975 2085 difficile
2002 2043 2156 2105 opus
2184 2025 2648 2107 agg-reditur&

203 2122 233 2151 ⁸
261 2105 607 2192 Interseptis
656 2108 817 2169 enim
864 2107 1161 2190 specubus
1209 2119 1391 2188 atque
1436 2107 1716 2185 omnibus
1760 2106 1924 2169 urbis
1963 2109 2239 2207 partibus
2284 2109 2563 2189 exclusis,

203 2214 344 2275 quae
374 2193 452 2257 ab
483 2193 615 2276 ipso
643 2193 1016 2268 tenebantur,
1048 2212 1226 2273 aquoe
1256 2211 1543 2272 magnam
1576 2190 1694 2253 vim
1725 2213 1800 2255 ex
1828 2213 2001 2269 mart,
2051 2194 2197 2257 rotis
2233 2215 2307 2257 ae
2338 2196 2567 2258 macbi·

201 2277 565 2355 nationibus,
608 2277 944 2360 exprimere
973 2275 1298 2338 contendit.
1381 2273 1566 2338 Hanc
1612 2274 1761 2339 locis
1789 2278 2196 2359 superioribus
2224 2277 2474 2343 fundere
2500 2281 2565 2345 in

196 2374 433 2445 partem
460 2361 727 2437 Caesaris
752 2382 879 2423 non
904 2360 1348 2425 intermittebat.
1436 2358 1850 2443 Quamobrem
1877 2360 2091 2423 salsior
2114 2362 2320 2446 paullo
2344 2378 2567 2447 praeter

196 2446 691 2515 consuetudinem
745 2467 907 2531 aqua
951 2445 1300 2508 trahebatur
1343 2465 1423 2511 ex
1468 2445 1764 2530 proximis
1810 2445 2104 2524 edificiis,
2157 2452 2652 2533 magnamque&

199 2532 546 2596 hominibus
575 2532 1035 2608 admirationem
1068 2530 1401 2615 praebebat,
1431 2552 1613 2612 quam
1660 2531 1741 2593 ob
1787 2552 2061 2596 caussam
2109 2532 2172 2596 id
2217 2534 2563 2616 accidisset3

199 2638 311 2679 nec
342 2618 484 2680 satis
514 2618 627 2680 sibi
657 2617 769 2701 ipsi
811 2616 1156 2692 credebant,
1202 2633 1389 2697 quum
1430 2637 1494 2678 se
1541 2614 1850 2678 inferiores
1895 2616 2160 2698 ejusdem
2207 2619 2445 2700 generis
2491 2642 2564 2684 ac

197 2703 433 2785 saporis
464 2703 622 2786 aqua
649 2702 915 2764 dicerent
943 2700 1048 2780 uti,
1081 2713 1260 2783 atque
1289 2700 1431 2762 ante
1469 2700 1887 2772 consuessent:
1945 2700 2251 2785 vulgoque
2296 2703 2450 2768 inter
2501 2725 2566 2768 se

197 2786 609 2865 conserebant,
634 2801 694 2850 et
716 2781 1115 2869 degustando,
1146 2799 1436 2883 quantum
1468 2785 1622 2850 inter
1651 2807 1713 2848 se
1740 2784 2049 2850 differrent
2076 2808 2275 2870 aquoe,
2300 2809 2562 2871 eognos-

193 2873 434 2937 cebaut.
522 2870 729 2935 Parvo
758 2871 900 2934 vero
928 2884 1212 2954 temporis
1242 2870 1458 2953 spatio,
1488 2870 1624 2938 haec
1673 2871 1953 2955 proprior
1993 2871 2121 2936 bibi
2158 2882 2303 2934 non·
2324 2877 2646 2956 poteram

198 2957 469 3035 omnino,
499 2957 607 3021 illa
630 2956 873 3020 inferior
901 2955 1240 3053 corruptior
1255 2955 1412 3036 jam,
1442 2953 1773 3037 salsiorque
1801 2957 2228 3038 reperiebatur.

284 3040 430 3106 VII.
480 3040 625 3125 Quo
647 3042 811 3104 sacto
839 3040 1214 3102 dubitatione
1245 3038 1499 3116 sublati,
1529 3052 1728 3101 tantus
1756 3039 1998 3102 incessit
2025 3039 2224 3119 timor,
2255 3055 2320 3104 ut
2348 3043 2426 3104 ad
2453 3064 2562 3106 ex-

197 3140 458 3190 tremum
488 3148 695 3190 casum
727 3146 934 3188 omnes
963 3124 1204 3187 deducti
1233 3123 1578 3188 viderentur
1588 3146 1608 3203 3
1651 3136 1832 3222 atque
1855 3122 1964 3185 alii
1994 3125 2216 3188 morari
2249 3124 2561 3190 Caesarem

196 3211 489 3289 dicerent,
532 3212 677 3294 quin
706 3231 890 3280 naves
917 3208 1319 3272 conscendere
1334 3209 1609 3290 juberet;
1653 3208 1756 3271 alii
1803 3207 1990 3272 multo
2021 3210 2363 3291 graviorem
2411 3211 2565 3274 exti-

196 3312 534 3359 mescerent
580 3297 807 3372 casum,
855 3295 1018 3376 quod
1065 3314 1257 3376 neque
1301 3293 1485 3355 celari
1514 3288 1963 3356 Alexandrinos
2011 3308 2253 3377 possent
2280 3295 2344 3358 in
2373 3300 2646 3380 appa-35

198 3380 396 3448 rand&
440 3381 609 3463 fug-fi,
640 3401 823 3464 quum
852 3379 915 3442 hi
944 3392 1064 3444 tam
1097 3399 1287 3462 parvo
1316 3378 1512 3464 spatio
1561 3378 1849 3442 distarent
1877 3380 1955 3440 ab
1983 3379 2159 3462 ipsis;
2203 3401 2428 3463 neque,
2447 3382 2565 3445 illis

198 3465 651 3536 imminentibus
698 3480 877 3550 atque
922 3463 1383 3546 insequentibus,
1432 3463 1587 3526 ullus
1633 3463 1695 3528 in
1745 3485 1926 3526 naves
1973 3477 2246 3547 receptus
2298 3466 2561 3531 daretur.

196 3548 359 3612 Erat
387 3566 585 3616 autem
617 3573 844 3633 magna
890 3548 1208 3611 multitudo
1244 3547 1687 3633 oppidanorum
1719 3549 1783 3611 in
1827 3563 1997 3632 parte
2044 3547 2332 3628 Coesaris,
2381 3571 2564 3634 quam

198 3635 522 3700 domiciliis
553 3638 820 3721 ipsorum
852 3657 974 3700 non
1024 3646 1321 3712 moverat;
1374 3633 1538 3717 quod
1584 3656 1659 3696 ea
1704 3655 1766 3700 se
1811 3633 2049 3698 fidelem
2142 3635 2301 3700 alam
2349 3636 2565 3699 nostris

197 3741 333 3781 esse
376 3721 715 3798 simulabat,
759 3734 817 3784 et
860 3720 1177 3783 descivisse
1207 3719 1244 3780 ὁ,
1272 3720 1393 3782 suis
1436 3719 1772 3795 videbatur,
1804 3732 1887 3795 ut,
1919 3720 1966 3781 si
2013 3720 2088 3782 m'
2139 3721 2152 3733 ⁸
2204 3720 2647 3784 defendendi40

196 3819 398 3870 essent
424 3806 844 3884 Alexandrini,
876 3805 1042 3892 quod
1071 3825 1264 3888 neque
1294 3801 1538 3867 fallaces
1567 3817 1782 3880 essent,
1806 3825 1999 3886 neque
2028 3804 2347 3882 temerarii,
2377 3804 2566 3868 multa

1234 3968 1266 4001 a
1288 3953 1600 4002 Inter-structis.

262 4056 311 4102 9.
340 4053 544 4131 Nilum]
578 4055 716 4103 Nilus
752 4054 1003 4104 fluviorum
1034 4053 1285 4109 maximus,
1316 4051 1397 4111 qui
1459 4064 1671 4097 mensem
1707 4064 1923 4098 crescere
1959 4049 2154 4098 fluvium
2192 4050 2340 4107 illum,
2375 4063 2535 4123 neque
2556 4049 2648 4098 niti

195 4115 291 4164 sui
318 4121 641 4165 exundatione
671 4126 819 4165 totam
843 4120 1106 4178 AEgyptum
1139 4115 1395 4162 soecundtt.
1459 4114 1618 4160 medio
1656 4113 1801 4159 Junio
1843 4121 2040 4171 propter
2089 4113 2253 4159 cimus
2303 4111 2648 4172 tongimdmem
2747 4155 2758 4160 -

199 4180 331 4226 Nam
352 4181 589 4241 AEgyptus
622 4195 709 4238 per
746 4188 928 4226 tantum
965 4179 1169 4237 spatium
1205 4176 1392 4233 colitur,
1454 4174 1689 4222 e‘usmodi
1720 4175 2015 4224 incrementa
2047 4175 2093 4220 in
2127 4175 2340 4234 AEgypto
2370 4187 2510 4232 posse
2543 4186 2648 4230 pere

195 4250 433 4301 quantum
454 4244 665 4290 exundat
702 4242 795 4289 ille.
859 4240 980 4287 cam
1019 4239 1131 4287 vens
1163 4240 1393 4294 exundat,
1553 4273 1566 4284 .

266 4318 382 4363 rque
403 4319 544 4366 agros
568 4307 748 4354 feratur
769 4305 863 4360 ille,
885 4319 979 4350 non
1002 4311 1159 4361 potest
1180 4316 1274 4348 non
1297 4309 1391 4347 tur·
1520 4300 1593 4347 14.
1627 4297 1720 4347 &a
1738 4298 1796 4348 ed
1825 4298 2017 4361 plebem]
2074 4297 2229 4346 Plebs.
2278 4295 2357 4344 Sic
2378 4295 2520 4344 etim
2545 4294 2648 4341 Sal-

236 4366 318 4414 ida
362 4368 463 4427 eJus
509 4382 636 4427 aqua
688 4367 803 4414 ficri.
886 4365 1015 4412 Illius
1060 4362 1393 4410 exundationis
1457 4362 1625 4408 Iustius
1646 4361 1868 4421 loquitur.

194 4443 375 4476 caussa
388 4429 469 4476 diu
482 4430 620 4478 torsit
633 4428 961 4486 Philosophus,
972 4426 1217 4485 latuitque,
1232 4438 1397 4485 quam-
1517 4424 1597 4469 40.
1626 4422 1701 4478 Ut,
1719 4423 1759 4470 ri
1779 4422 1895 4470 milti
1914 4420 2194 4486 defendendi
2212 4424 2352 4468 esunt
2371 4417 2646 4493 Alexan-dri·

194 4490 280 4538 diu
304 4491 444 4538 latuit
476 4493 583 4539 fons
606 4491 719 4544 Nili,
740 4491 802 4536 ad
824 4504 963 4547 quem
997 4502 1138 4534 nemo
1170 4501 1396 4545 pervene-
1458 4486 1524 4534 πὶ.
1614 4485 1771 4533 Locus
1803 4486 1904 4532 sine
1939 4484 2084 4532 dubio
2119 4490 2384 4541 comptus.
2450 4481 2650 4528 Vax-iant
2701 4529 2704 4532 ,

196 4563 291 4600 rat.
358 4553 454 4600 Sed
486 4552 729 4614 navigatio
760 4566 868 4599 cum
889 4550 1273 4607 his'temporibus
1297 4564 1397 4594 om·
1461 4549 1512 4594 M
1556 4548 1603 4594 S.
1638 4549 1722 4595 sed
1757 4548 1836 4595 vix
1869 4547 1974 4608 sani
2010 4545 2264 4604 quicquam
2300 4552 2458 4604 potent
2494 4557 2552 4596 ex
2589 4544 2646 4594 iu

193 4617 279 4662 nia
304 4615 470 4674 pervia
492 4614 673 4672 fecerit,
694 4614 936 4675 cognitum
957 4619 1028 4659 est
1052 4613 1241 4658 tandem
1258 4611 1395 4658 statis
1457 4608 1578 4657 elici.

198 4677 213 4689 ’
328 4678 337 4688 “
451 4676 501 4725 in
524 4675 786 4737 AEthiopie‚
800 4676 932 4725 circa
952 4675 1093 4724 mettn'
1093 4681 1191 4722 tem
1212 4674 1396 4723 Maium
1460 4733 1501 4779 P
