3059 5050
0 1808 2 1819 -
0 1246 8 1749 --—-——-——-.——--—-—
0 1122 4 1221 ---
0 1072 4 1087 -

449 318 530 378 ⁹6
1127 302 1250 372 DE
1293 304 1597 370 BELLO
1641 304 2055 384 GAMJCO,
2106 307 2216 370 ὅτε.

534 477 680 520 suos
703 456 863 519 intra
893 453 1249 516 munitiones
1271 453 1637 530 continebat,
1667 452 2014 535 timorisque
2037 453 2403 536 opinionem,
2437 452 2896 538 quibuscunque

531 552 771 625 poterat
799 539 991 614 rebuS,
1017 538 1297 618 augebat.

619 621 792 685 LVI.
838 622 1043 703 Quum
1073 622 1303 702 majore
1331 621 1395 685 in
1431 620 1559 683 dies
1601 621 2043 706 contemptione
2083 619 2527 683 Indutiomarus
2574 622 2652 682 ad
2693 636 2894 686 castra

538 708 886 782 accederet3
929 716 1104 766 nocte
1147 704 1270 768 una
1313 705 1664 766 intromissis
1701 705 1998 787 equitibus
2029 705 2294 766 omnium
2326 704 2711 767 finitimarum
2741 706 2892 768 civi-

454 796 492 854 6
538 804 747 865 tatum,
777 810 928 871 quos
953 789 1346 851 accersendos
1374 802 1709 866 curaverat,
1753 788 1918 851 tanta
1946 788 2259 870 diligentia
2286 808 2492 849 omnes
2520 809 2659 850 suos
2689 804 2893 852 custo·

533 875 648 939 diis
677 875 835 937 intra
854 886 1054 935 castra
1081 873 1394 948 continuit,
1420 885 1486 934 ut
1507 872 1673 934 nulla
1696 874 1927 934 ratione
1944 893 2017 934 ea
2046 894 2138 933 res
2162 872 2476 947 enuntiari,
2496 886 2601 933 aut
2630 874 2709 935 ad
2732 872 2893 936 Tre-

533 959 696 1022 viros
725 956 974 1041 perferri
1004 970 1223 1041 posset.
1309 955 1578 1034 Interim,
1608 978 1685 1018 ex
1728 957 2158 1019 consuetudine
2202 956 2569 1037 quotidiana,
2612 955 2894 1020 Indutio-

532 1063 735 1105 marus
765 1041 844 1104 ad
890 1054 1090 1103 castra
1140 1041 1391 1118 aceedit,
1446 1053 1623 1122 atque
1675 1041 1760 1102 ibi
1810 1061 2094 1121 magnam
2142 1053 2371 1124 partem
2414 1040 2532 1101 diei
2568 1042 2892 1104 consumit.

534 1125 790 1209 Equites
836 1124 957 1187 tela
1002 1124 1350 1206 conjiciunt,
1398 1136 1458 1186 et
1507 1124 1732 1206 magna
1778 1123 2139 1186 contumelia
2163 1125 2482 1185 verborum
2529 1140 2762 1187 nostros
2811 1127 2895 1188 ad

456 1216 804 1295 lOpugnam
853 1222 1127 1271 evocant.
1212 1207 1402 1270 Nullo
1446 1209 1484 1270 ὁ,
1526 1209 1735 1270 castris
1765 1209 1908 1270 dato
1938 1228 2246 1291 responso,
2290 1208 2393 1269 ubi
2421 1208 2613 1270 visum
2642 1224 2748 1285 est,
2779 1212 2897 1272 sub

531 1315 845 1378 vesperum
894 1293 1144 1376 dispersi
1193 1314 1265 1354 ac
1313 1292 1585 1375 dissipati
1633 1291 1964 1354 discedunt.
2052 1291 2267 1354 Subito
2306 1288 2613 1354 Labienus
2656 1294 2898 1356 duabus

618 1380 724 1441 rtis
753 1398 994 1440 omnem
1039 1377 1368 1458 equitatum
1408 1376 1650 1438 emittit:
1693 1376 1971 1459 praecipit
2000 1388 2176 1458 atque
2202 1376 2522 1452 interdicit,
2566 1378 2899 1460 perterritis

576 1463 803 1525 ostibus
832 1476 1011 1543 atque
1050 1462 1110 1521 in
1150 1459 1356 1542 fugam
1401 1461 1706 1541 conjectiS,
1752 1461 1912 1542 quod
1959 1459 2108 1536 sore,
2138 1461 2290 1522 sicut
2335 1459 2575 1535 accidit,
2626 1461 2898 1539 videbat,

535 1568 743 1610 omnes
769 1566 951 1609 unum
1060 1558 1250 1607 terent
1270 1543 1774 1620 Indutiomarum,
1804 1565 1917 1606 neu
1945 1545 2078 1625 quis
2107 1565 2466 1627 quemquam
2490 1544 2655 1629 prius
2681 1545 2901 1608 vulne-

458 1636 712 1707 15raret,
744 1631 925 1712 quam
969 1629 983 1644 “
1036 1649 1136 1691 um
1164 1628 1537 1691 interfectum
1566 1628 1830 1690 videret:
1873 1628 2058 1710 quod,
2102 1629 2274 1690 morai
2302 1627 2687 1710 reliquorum,
2724 1629 2902 1692 illurn

536 1715 795 1799 spatium
827 1728 1088 1789 nactum,
1120 1712 1383 1794 effugere
1411 1713 1683 1774 nolebat:
1728 1732 1951 1794 magna
1988 1713 2274 1796 proponit
2296 1713 2386 1789 iis,
2412 1713 2513 1794 qui
2543 1714 2901 1791 occiderint,

536 1799 822 1883 praemiat
867 1797 1180 1859 summittit
1207 1797 1482 1858 cohortes
1511 1796 1808 1878 equitibus
1838 1797 2122 1859 subsidio.
2212 1796 2591 1880 Comprobat
2632 1797 2902 1861 hominis

537 1882 854 1947 consilium
899 1882 1166 1943 fortuna:
1210 1894 1270 1943 et
1312 1902 1495 1962 quum
1541 1902 1727 1942 unum
1772 1900 1977 1942 omnes
2019 1892 2300 1964 peterent,
2342 1881 2404 1942 in
2455 1881 2587 1964 ipso
2631 1881 2903 1944 fluminis

537 1967 700 2030 vado
730 1967 1128 2050 deprehensus
1156 1964 1607 2027 Indutiomarus
1638 1964 2005 2041 interficitur,
2036 1978 2333 2048 caputque
2375 1965 2499 2047 ejus
2543 1965 2794 2028 refertur
2832 1965 2902 2030 in

455 2055 753 2118 zonasm.
849 2048 1192 2112 Redeuntes
1214 2052 1461 2131 equites,
1492 2070 1642 2129 quos
1666 2061 1917 2131 possunt
1938 2063 2356 2111 consectantur
2383 2062 2560 2131 atque
2590 2050 2901 2113 occidunt.

538 2134 676 2199 Hac
707 2156 771 2197 re
800 2133 1066 2214 cognita,
1114 2153 1318 2193 omnes
1351 2130 1708 2193 Eburonum
1754 2146 1814 2194 et
1853 2131 2238 2210 Nerviorum,
2329 2155 2423 2195 uae
2467 2146 2899 2211 convenerant,

539 2219 736 2314 copiae
764 2217 1106 2281 disceduntz
1147 2215 1474 2300 paulloque
1501 2215 1715 2279 habuit
1748 2231 1888 2300 post
1910 2216 1976 2278 id
2020 2217 2246 2280 sactum
2345 2238 2500 2281 cesar
2540 2208 2903 2301 quietiorem

1419 2464 1555 2495 „uu
