3059 5050
31 0 46 197 f

1182 274 1462 372 LIBER
1502 272 1619 342 vt,
1737 355 1741 359 ,
2487 288 2617 351 119

187 424 446 494 militaris
491 424 732 490 laidem
779 423 1138 504 amitterent,
1168 424 1488 489 fortissime
1531 434 1871 510 pugnantes
1899 425 2332 492 conciderunt:
2374 429 2531 493 mili-

185 528 300 577 tum
328 533 488 597 pars,
520 513 734 575 borum
762 513 981 574 virtute
1006 512 1314 574 summotis
1356 511 1643 587 hostibus,
1672 524 1895 595 praeter
1922 532 2092 597 spem
2122 513 2441 578 incolumis
2468 517 2534 580 in

185 613 373 667 castra
399 597 706 682 pervenit:
751 618 911 680 pars,
932 597 971 659 ὁ,
993 596 1268 658 barbaris
1296 596 1723 672 circumventa,
1755 597 1948 679 periit.

260 681 403 744 XL.
437 680 744 759 Germani,
766 680 1084 765 desperata
1106 683 1559 765 expugnatione
1581 695 1936 758 castrorum,
1957 682 2121 765 quod
2144 696 2382 746 nostros
2397 686 2533 766 jam

181 766 507 831 constitisse
552 767 615 829 in
663 766 1093 829 munitionibus
1121 766 1428 843 videbant,
1475 787 1616 829 cum
1646 765 1718 829 ea
1746 767 1978 849 praeda,
2024 788 2208 848 quam
2255 768 2319 830 in
2366 768 2532 831 silvis
2572 774 2614 834 ὅ

182 852 597 936 deposuerant,
621 866 787 915 trans
815 850 1098 915 Rhenum
1129 872 1254 912 sese
1275 864 1656 935 receperunt:
1699 872 1775 913 ac
1803 865 2003 914 tantus
2024 852 2154 930 fuit,
2185 853 2364 915 etiam
2394 869 2535 941 post

180 937 499 1000 discessum
525 938 802 1016 hostium,
826 950 1037 1013 terror,
1062 949 1129 999 ut
1149 936 1223 999 ea
1249 949 1447 1013 nocte,
1472 957 1655 1018 quum
1681 933 1760 999 C.
1786 933 2127 999 Volusenus
2154 938 2367 999 missus
2392 959 2532 1001 cum

179 1024 443 1105 equitatu
474 1023 553 1085 ad
598 1036 794 1084 castra
836 1022 1110 1098 venisset,
1141 1022 1321 1084 fidem
1371 1042 1495 1083 non
1544 1020 1766 1084 faceret
1808 1021 2016 1083 adesse
2059 1042 2198 1084 cum
2242 1022 2531 1085 incolumi

179 1104 488 1169 Caesarem
542 1107 826 1169 exercitu.
913 1106 1018 1167 Sic
1071 1106 1340 1168 omnium
1390 1106 1626 1168 animos
1654 1107 1833 1168 timor
1882 1121 2436 1190 praeoccupaverat,
2466 1121 2534 1171 ut

249 1193 331 1254 ne
364 1191 624 1255 alienata
653 1205 865 1268 mente,
895 1190 1105 1269 deletis
1149 1190 1427 1253 omnibus
1471 1190 1684 1275 copiiS,
1714 1191 2042 1273 equitatum
2072 1192 2305 1253 tantum
2350 1214 2412 1254 se
2454 1199 2618 1258 exlss

176 1212 323 1359 &ga
360 1276 651 1362 recepisse
692 1276 978 1353 dicerent,
1025 1296 1236 1358 neque,
1281 1274 1572 1338 incolumi
1618 1276 1905 1353 exercitu,
1953 1274 2291 1343 Germanos
2334 1290 2535 1341 castra

175 1375 629 1445 oppugnaturos
671 1361 871 1439 fuisse,
901 1360 1367 1424 contenderent:
1412 1381 1591 1443 quem
1614 1361 1889 1424 timorem
1932 1359 2202 1424 Caesaris
2244 1362 2536 1425 adventus

171 1446 429 1508 sustulit.

252 1528 432 1594 XLI.
470 1530 773 1593 Reversus
800 1530 921 1607 ille,
950 1529 1198 1594 eventsss
1221 1529 1364 1593 belli
1389 1552 1512 1593 non
1542 1530 1811 1614 ignaruS,
1835 1552 2041 1610 unum,
2068 1531 2234 1614 quod
2256 1532 2534 1596 cohortes

170 1635 249 1677 ex
278 1616 535 1678 statione
564 1628 624 1677 et
643 1615 933 1714 praesidio
961 1630 1157 1678 essent
1181 1616 1438 1693 emissae,
1463 1632 1723 1698 questus,
1748 1636 1826 1678 ne
1847 1616 2098 1678 minimo
2124 1617 2362 1698 quidem
2388 1621 2617 1681 casul5

169 1698 376 1775 locum
407 1701 661 1782 relinqui
691 1700 986 1776 debuisse,
1011 1699 1265 1761 multum
1287 1699 1590 1761 fortunam
1616 1700 1679 1763 in
1702 1700 2015 1782 repentino
2032 1701 2292 1762 hostium
2312 1701 2535 1764 adven-

171 1796 238 1846 tu
270 1785 557 1868 potuisse,
575 1782 907 1865 judicavit:
951 1783 1142 1845 multo
1171 1783 1351 1844 etiam
1383 1782 1662 1865 amplius,
1692 1783 1855 1865 quod
1894 1784 2051 1867 pene
2082 1785 2162 1845 ab
2191 1784 2323 1867 ipso
2350 1785 2535 1863 vallo,

167 1870 488 1953 portisque
531 1879 867 1929 castrorum
914 1867 1208 1928 barbaros
1255 1866 1625 1929 avertissent.
1711 1867 1987 1946 Quarum
2025 1867 2293 1929 omnium
2337 1889 2537 1931 rerum

169 1952 452 2015 maxime
497 1949 916 2013 admirandum
947 1949 1283 2026 videbatur,
1315 1949 1479 2032 quod
1510 1950 1821 2026 Germani,
1853 1951 1955 2033 qui
1985 1972 2061 2012 eo
2089 1952 2341 2014 consilio
2370 1952 2539 2015 Rhe-

168 2057 324 2098 num
352 2035 729 2111 transierant,
757 2046 821 2095 ut
845 2034 1221 2116 Ambiorigis
1245 2036 1394 2096 fines
1418 2034 1944 2119 depopularentur,
1976 2036 2055 2098 ad
2078 2050 2276 2098 castra
2306 2035 2627 2104 Roma-20.

169 2141 394 2183 norum
427 2119 630 2196 delati,
662 2117 1098 2201 optatissimum
1122 2119 1470 2201 Ambiorigi
1499 2119 1859 2182 beneficium
1885 2120 2246 2183 obtulerunt.

255 2202 470 2267 XLII.
521 2201 738 2266 Caesar
767 2203 844 2264 ad
875 2204 1185 2265 vexandos
1214 2204 1417 2266 rursus
1453 2204 1653 2267 hostes
1699 2203 2021 2288 profectus,
2051 2226 2281 2287 magno
2322 2224 2541 2272 coacto

169 2310 427 2351 numero
451 2310 529 2351 ex
560 2287 826 2350 finitimis
855 2287 1218 2365 civitatibuS,
1250 2288 1312 2350 in
1341 2309 1549 2352 omnes
1580 2303 1780 2372 partes
1809 2288 2071 2353 dimittit.
2135 2290 2365 2354 Omnes
2392 2292 2534 2371 vici,

169 2388 355 2456 atque
386 2372 591 2435 omnia
621 2371 902 2449 aedificia,
923 2394 1061 2455 quae
1081 2373 1332 2456 quisque
1350 2388 1769 2458 conspexerat,
1795 2374 2296 2438 incendebantur:
2326 2379 2538 2461 praeda

168 2479 247 2522 ex
278 2459 561 2521 omnibus
590 2457 739 2519 locis
777 2458 1099 2540 agebatur:
1144 2457 1443 2521 frumenta
1485 2479 1612 2521 non
1655 2458 1849 2522 solum
1882 2459 1918 2521 a
1946 2459 2113 2522 tanta
2158 2461 2619 2526 multitudine25

155 2545 580 2626 jumentorum
612 2556 790 2625 atque
819 2543 1129 2606 hominum
1159 2545 1670 2607 consumebantur
1686 2567 1707 2626 3
1752 2545 1855 2608 sed
1885 2546 2065 2608 etiam
2091 2547 2231 2608 anni
2263 2561 2532 2632 tempore

169 2645 356 2712 atque
392 2628 684 2691 imbribus
713 2629 1188 2711 procubuerant:
1233 2642 1316 2706 ut,
1348 2629 1397 2691 si
1428 2629 1530 2713 qui
1561 2630 1742 2692 etiam
1772 2630 1835 2693 in
1863 2631 2191 2713 praesentia
2232 2653 2294 2694 se
2334 2634 2538 2696 occul-

168 2715 416 2792 uissent,
437 2727 639 2777 tamen
668 2713 760 2790 iis,
791 2713 1050 2776 deducto
1078 2715 1367 2791 exercitu,
1398 2736 1597 2777 rerum
1629 2715 1898 2778 omnium
1924 2715 2134 2800 inopia
2162 2719 2536 2801 pereundum

169 2799 496 2861 videretur.
582 2798 676 2862 Ac
707 2797 873 2882 saepe
903 2798 966 2860 in
995 2820 1132 2861 eum
1162 2799 1363 2861 locum
1391 2813 1633 2862 ventum
1665 2813 1771 2878 est,
1808 2799 1978 2863 tanto
2006 2801 2070 2864 in
2099 2823 2307 2864 omnes
2336 2817 2538 2886 partes

169 2884 371 2946 diviso
397 2884 682 2967 equitatu,
714 2897 781 2945 ut
803 2903 927 2945 non
950 2882 1135 2952 modo
1165 2884 1357 2945 visum
1390 2886 1468 2946 ab
1499 2904 1563 2947 se
1590 2884 2007 2966 Ambiorigem
2033 2885 2096 2947 in
2121 2885 2270 2968 suga
2292 2888 2624 2969 captivi,30

168 2969 274 3032 sed
312 2991 423 3031 nec
494 2968 636 3032 lane
667 2968 847 3030 etiam
879 2967 1074 3029 abisse
1102 2988 1180 3052 εις
1209 2982 1540 3051 conspectu
1569 2969 2026 3030 contenderent:
2080 2984 2145 3030 ut
2188 2991 2291 3054 spe
2328 2992 2538 3033 conse-

168 3054 398 3137 quendi
428 2991 614 3132 iliata,
646 3066 826 3135 atque
855 3051 1090 3115 infinito
1120 3050 1329 3113 labore
1358 3064 1654 3136 suscepto,
1687 3052 1789 3134 qui
1814 3073 1877 3113 se
1901 3072 2194 3114 summam
2226 3054 2264 3115 a
2287 3052 2539 3117 Caesare

169 3139 439 3221 gratiam
467 3139 721 3201 inituros
749 3150 1049 3221 putarent,
1097 3136 1255 3220 pene
1287 3150 1563 3198 naturam
1603 3136 1801 3198 studio
1829 3136 2158 3213 vincerent,
2189 3158 2539 3220 semperque

168 3223 445 3307 paullum
476 3224 557 3286 ad
585 3244 883 3285 summam
914 3219 1255 3285 felicitatem
1287 3221 1542 3284 defuisse
1565 3222 1897 3284 videretur:
1950 3234 2132 3303 atque
2153 3221 2252 3285 ille
2278 3222 2540 3300 latebriS,

169 3329 240 3371 ac
272 3308 441 3371 silvis
473 3322 577 3371 aut
605 3308 853 3370 saltibus
877 3328 940 3370 se
962 3307 1235 3392 eriperet,
1257 3321 1316 3369 et
1338 3319 1524 3369 noctu
1548 3306 1901 3380 occultatus,
1927 3305 2077 3369 alias
2100 3308 2377 3390 regiones
2401 3312 2623 3392 par-35

169 3405 380 3476 tesque
424 3407 670 3478 peteret,
702 3414 825 3455 non
870 3393 1099 3474 majore
1140 3392 1406 3475 equitum
1459 3392 1747 3477 praesidio
1795 3412 1979 3475 quam
2027 3413 2115 3454 tv.
2147 3394 2363 3476 quibus
2393 3394 2536 3458 solis

167 3478 359 3540 vitam
391 3500 560 3542 suam
592 3477 966 3540 committere
994 3477 1276 3541 audebat.

248 3561 501 3626 XLIII.
560 3562 707 3626 Tali
736 3563 921 3626 modo
949 3563 1195 3625 vastatis
1225 3562 1608 3645 regionibus3
1652 3562 1981 3626 exercitum
2012 3560 2248 3641 Caesar,
2280 3566 2540 3628 duarum

164 3648 513 3711 cohortium
543 3649 790 3726 damno,
816 3646 1302 3710 Durocortorum
1335 3646 1713 3710 Rhemorum
1739 3648 2000 3710 reducit:
2072 3649 2453 3731 concilioque
2477 3651 2541 3711 in

163 3752 309 3795 eum
348 3733 550 3796 locum
583 3732 807 3796 Galliae
849 3731 1100 3810 indicto,
1149 3732 1225 3795 de
1271 3733 1691 3816 conjuratione
1739 3731 2050 3795 Senonum
2099 3748 2159 3800 et
2198 3732 2629 3798 Carnutum40

205 3818 570 3881 uaestionem
613 3818 838 3881 habere
866 3817 1149 3880 instituit:
1194 3832 1254 3881 et
1281 3819 1358 3881 de
1386 3818 1653 3895 Accone,
1700 3818 1801 3900 qui
1830 3818 2111 3902 princeps
2141 3820 2266 3900 ejus
2305 3818 2540 3882 consilii

227 3916 383 3980 erat,
444 3904 728 3987 graviore
774 3902 1070 3965 sententia
1114 3903 1525 3986 pronuntiata,
1574 3924 1742 3965 more
1812 3904 2109 3985 majorum
2182 3902 2544 3987 supplicium

161 3987 442 4071 sumpsit.
529 3986 847 4067 Nonnulli,
864 3987 1171 4071 judicium
1215 3989 1408 4067 veriti,
1502 3987 1873 4069 rosugerunn
1906 3989 2123 4071 quibus
2153 4009 2337 4069 quum
2382 3988 2544 4071 aqua

162 4086 351 4154 atque
381 4072 514 4156 igni
544 4073 967 4150 interdixisset,
991 4093 1064 4135 11.
1093 4071 1366 4155 legiones
1391 4011 1652 4136 affines
1674 4071 2093 4150 Trevirorum,
2121 4093 2193 4134 11.
2220 4073 2283 4135 in
2309 4071 2544 4155 Lingo-

227 4251 305 4297 16.
336 4251 412 4300 Νι
444 4251 638 4302 minimo
737 4251 750 4264 ⁸
884 4267 1010 4312 casu,
1031 4252 1139 4316 δια]
1174 4253 1262 4302 Vel
1292 4255 1371 4302 hic
1494 4255 1573 4300 42.
1629 4253 1759 4302 More
1805 4252 2042 4317 majorum
2082 4251 2358 4313 applicem
2397 4252 2626 4316 mpsim]

160 4312 294 4360 eolus
313 4313 448 4368 locus
468 4316 642 4373 probat
803 4329 906 4363 rem
925 4317 1072 4364 dandi
1091 4331 1210 4364 casu
1231 4317 1298 4364 uti
1321 4317 1370 4364 iu
1432 4316 1643 4364 Dubium
1664 4329 1727 4361 un
1766 4330 1897 4362 more
1928 4314 2190 4368 Gallorum,
2224 4328 2287 4359 an
2309 4313 2628 4363 Romanorum

157 4388 196 4420 u
216 4375 487 4431 desinente,
503 4378 631 4435 quod
662 4376 858 4434 Gellius,
878 4378 959 4424 lib.
981 4392 1049 4426 tv.
1070 4391 1179 4438 cap.
1203 4380 1288 4438 16„
1299 4380 1370 4426 di·
1433 4377 1664 4437 supplicio
1685 4377 1909 4425 affecerit.
1974 4376 2026 4422 Si
2048 4374 2370 4422 Romanorum
2393 4390 2543 4424 more:
2579 4388 2629 4426 ut

160 4435 256 4493 εἰς
289 4439 374 4484 sed
405 4438 538 4485 locus
560 4453 659 4485 non
680 4453 801 4485 unus
821 4447 910 4494 est.
1428 4442 1744 4487 Gutus-vatum
1786 4439 2077 4498 puniendum
2119 4438 2319 4493 curavit,
2362 4439 2442 4496 qui
2484 4441 2628 4502 virgis

222 4499 306 4545 38.
327 4499 548 4547 Duarum
599 4499 851 4548 cohortium
891 4500 1099 4564 dmm]
1164 4503 1366 4552 Omissis
1427 4517 1594 4561 mus,
1615 4502 1787 4549 deinde
1801 4499 1955 4548 securi
1977 4512 2223 4557 percussus
2249 4500 2350 4546 fuit.

159 4560 350 4609 duabus
372 4562 646 4610 cohortibus
669 4561 698 4611 ὰ
720 4561 979 4610 Sicambri·
996 4563 1273 4615 interfectis.
1488 4566 1566 4613 43.
1596 4563 1775 4625 Quibus
1802 4577 1947 4625 quum
1973 4561 2099 4625 aqua
2129 4567 2263 4622 atque
2284 4561 2389 4624 igni
2408 4562 2630 4613 interdix-

223 4623 306 4669 39.
338 4623 737 4686 Durocortorum]
769 4623 1062 4674 memorum
1090 4634 1165 4675 at
1193 4637 1366 4676 metro-
1428 4628 1569 4688 isset]
1639 4628 1751 4675 Sine
1774 4625 1898 4684 aqua
1919 4631 1966 4671 et
1982 4623 2093 4684 igne
2112 4624 2210 4671 vita
2223 4625 2315 4671 coli
2338 4640 2433 4673 non
2457 4636 2629 4686 potest,

161 4684 295 4742 nolis
316 4684 519 4742 Rhet’mr.
1429 4691 1542 4751 quia
1562 4691 1636 4738 he
1676 4690 1783 4736 dua:
1812 4688 1887 4734 refu
1930 4687 2077 4735 vitam
2118 4685 2326 4738 maxime
2367 4689 2629 4736 continent.
