3059 5050
390 223 525 343 2942
1230 272 1354 340 DE
1400 272 1702 340 nunno
1745 272 2022 342 clvm

484 438 664 507 atque
687 421 941 485 eundem
961 420 1285 502 Achillam,
1315 426 1485 506 cujus
1510 440 1692 509 supra
1723 425 2119 502 meminimus,
2150 423 2430 488 omnibus
2458 422 2652 509 copiis
2687 444 2863 512 proe·

483 510 641 572 fecit.
729 506 915 571 Hunc
945 508 1253 570 incitatum
1284 510 1427 585 suis,
1475 523 1536 571 et
1587 510 1746 592 regis
1798 510 2068 572 inflatum
2109 505 2661 592 pollicitationibus,
2711 533 2859 593 quae

483 593 614 656 fieri
639 591 836 671 vellet,
868 593 1077 655 litteris
1105 594 1444 676 nuntiisque
1474 595 1733 657 edocuit.
1821 592 1894 657 In
1926 608 2275 657 testamento
2305 592 2625 657 Ptolemaei
2657 597 2860 679 patris

482 679 755 740 haeredes
778 690 946 740 eraut
978 678 1183 762 scripti
1206 699 1283 740 ex
1308 679 1543 741 duobus
1570 679 1706 741 filiis
1732 680 1943 761 major,
1967 694 2026 740 et
2047 700 2124 740 ex
2150 678 2384 740 duabus
2408 679 2485 741 eii
2508 701 2648 761 quae
2673 694 2861 743 aetate

404 766 444 824 5
490 763 899 825 antecedebat.
988 761 1144 824 Haec
1175 760 1258 825 uti
1288 763 1516 840 fierent,
1549 784 1657 847 per
1683 785 1892 825 omnes
1922 762 2110 840 Deos,
2157 784 2381 847 perque
2431 763 2678 841 foedem,
2711 786 2859 846 quae

488 847 713 910 Romae
743 846 992 924 fecisset,
1022 848 1233 910 eodem
1258 860 1612 911 testamento
1636 846 2006 910 Ptolemaeus
2030 848 2318 932 populum
2363 847 2712 911 Romanum
2743 852 2859 912 ob-

487 933 833 994 testabatur.
920 929 1187 996 Tabulae
1216 934 1571 1010 testamenti,
1597 954 1736 996 unae
1767 954 1872 1017 per
1901 933 2134 1015 legatos
2185 934 2311 1015 ejus
2365 931 2629 995 Romam
2684 947 2860 997 eraut

488 1016 712 1092 allatae,
743 1030 809 1078 ut
839 1016 900 1078 in
933 1018 1151 1079 zerario
1199 1030 1578 1101 ponerentur,
1635 1018 1773 1103 (eae‚
1818 1039 2001 1100 quum
2056 1032 2301 1101 propter
2348 1017 2622 1101 publicas
2673 1040 2860 1081 occu·

487 1102 760 1185 pationes
785 1102 927 1185 poni
960 1123 1080 1193 nqn
1108 1102 1452 1186 potuissent,
1474 1103 1639 1186 apud
1662 1101 2020 1186 Pompeium
2051 1115 2191 1165 sunt
2217 1102 2509 1186 deposita·
2536 1125 2552 1164 ε
2627 1103 2859 1181 alterae,

412 1186 700 1249 loeodem
725 1184 1025 1287 exempb',
1056 1187 1284 1250 relictoe
1308 1200 1490 1269 atque
1518 1188 1860 1270 obsignatoe
1889 1188 2283 1251 Alexandriae
2313 1186 2551 1272 profere
2598 1202 2797 1250 antur.

573 1269 751 1334 CIX.
798 1270 895 1333 De
922 1272 1015 1333 hls
1046 1274 1223 1335 rebus
1253 1293 1437 1354 quum
1469 1288 1749 1353 ageretur
1778 1273 1938 1356 apud
1984 1271 2316 1349 Coesarem,
2370 1272 2536 1355 isque
2587 1273 2860 1335 maxime

488 1356 685 1433 vellet,
717 1377 829 1439 pro
877 1358 1184 1419 communi
1232 1356 1433 1418 amico
1480 1372 1662 1439 atque
1692 1357 1939 1433 arbitro,
1969 1357 2410 1419 controversias
2440 1378 2648 1439 regum
2691 1380 2863 1420 com-

488 1462 716 1526 ponere
741 1463 758 1501 ε
804 1441 1000 1503 subito
1025 1441 1325 1503 exercitus
1376 1442 1581 1523 regius
1632 1442 2046 1524 equitatusque
2094 1442 2288 1503 omnis
2337 1443 2541 1503 venire
2586 1441 2863 1505 Alexan-

489 1527 683 1588 driam
717 1526 1040 1588 nuntiatur.
1132 1523 1400 1588 Caesaris
1430 1526 1630 1610 copiae
1660 1547 2040 1608 nequaquam
2065 1538 2237 1587 erant
2260 1540 2465 1603 tantae,
2486 1538 2553 1588 ut
2572 1528 2658 1588 eis
2688 1542 2865 1590 extra

420 1610 810 1710 lSoppidum,
842 1610 891 1671 si
920 1624 1073 1673 esset
1100 1609 1534 1687 dimicandum,
1564 1610 1912 1673 confideret.
2001 1608 2501 1691 Relinquebatur,
2535 1624 2601 1672 ut
2627 1632 2694 1673 se
2739 1614 2866 1675 suis

488 1696 637 1758 locis
693 1696 923 1779 oppido
974 1708 1218 1774 teneret,
1299 1695 1738 1778 consiliumque
1788 1693 2050 1758 Achillae
2108 1708 2519 1777 cognosceret.
2633 1694 2867 1759 Milites

490 1795 692 1844 tamen
722 1801 929 1842 omnes
959 1780 1021 1842 in
1053 1780 1235 1843 armis
1259 1801 1387 1843 esse
1402 1781 1629 1864 jussit:
1673 1800 1999 1862 regemque
2027 1781 2299 1842 hortatus
2344 1792 2452 1856 est,
2499 1795 2564 1842 ut
2613 1802 2692 1844 ex
2743 1782 2866 1845 suis

488 1864 858 1943 necessariis,
902 1887 1055 1948 quos
1107 1866 1356 1929 baberet
1407 1868 1693 1928 maximae
1742 1864 2133 1941 auctoritatis,
2181 1864 2418 1945 legatos
2447 1866 2527 1927 ad
2555 1866 2866 1929 Achillam

487 1951 746 2014 mitteret
792 1974 811 2030 3
881 1966 942 2015 et
1029 1950 1134 2014 uid
1190 1963 1342 2014 esset
1412 1971 1539 2012 suae
1587 1949 1929 2027 voluntatis,
2001 1949 2356 2011 ostenderet.
2427 1952 2480 2015 A
2521 1972 2643 2032 qno
2697 1952 2865 2013 missi

407 2036 881 2100 20Dioscorides
910 2050 970 2099 et
1049 2036 1320 2121 erapion,
1353 2036 1455 2117 qui
1510 2037 1692 2098 ambo
1744 2034 1929 2117 legati
1981 2032 2207 2096 Romae
2258 2033 2514 2111 fuerant,
2544 2055 2865 2118 magnam-

491 2143 608 2204 que
638 2122 801 2205 apud
847 2135 1077 2204 patrem
1107 2120 1509 2183 Ptolemaeum
1543 2119 1959 2182 auctoritatem
2013 2119 2366 2196 habuerant,
2418 2120 2496 2181 ad
2555 2120 2864 2183 Achillam

488 2219 903 2291 pervenerunt.
992 2206 1169 2289 Quos
1198 2205 1319 2282 ille,
1345 2226 1530 2288 quum
1561 2204 1624 2267 in
1681 2218 2067 2288 conspectum
2119 2204 2246 2287 ejus
2297 2204 2615 2281 venisseut,
2670 2204 2858 2288 prius,

489 2290 669 2374 quam
701 2289 954 2367 audiret,
987 2304 1108 2369 aut,
1153 2292 1323 2373 cujus
1352 2290 1439 2352 rei
1461 2290 1679 2352 caussa
1723 2289 1885 2351 missi
1934 2302 2146 2366 essent,
2175 2303 2588 2372 cognosceret,
2617 2289 2864 2375 corripi,

495 2397 568 2438 ac
596 2375 852 2439 interfici
869 2375 1067 2457 jussit.
1157 2374 1437 2458 Quorum
1469 2374 1620 2438 alter
1649 2385 1901 2459 accepto
1922 2374 2171 2437 vulnere
2199 2388 2551 2459 occupatus,
2575 2395 2680 2458 per
2721 2396 2865 2437 suos

402 2467 600 2547 25pro
630 2461 832 2525 occiso
862 2461 1152 2541 sublatus,
1206 2460 1356 2525 alter
1406 2459 1751 2525 interfectus
1799 2472 1904 2524 est.
1994 2457 2139 2542 Quo
2192 2457 2374 2540 facto,
2426 2480 2635 2543 regem
2679 2472 2752 2522 ut
2799 2458 2865 2524 in

488 2548 596 2610 sua
685 2561 935 2610 otestate
991 2549 1259 2625 haberet,
1309 2545 1527 2610 Caesar
1578 2546 1816 2624 effecit3
1883 2565 2288 2627 magnamque
2341 2545 2576 2627 regium
2637 2566 2866 2610 nomen

488 2570 823 2716 apudpsuos
854 2633 1270 2694 auctoritatem
1301 2632 1526 2694 babere
1555 2631 1924 2707 existimans,
1955 2643 2015 2692 et
2041 2643 2108 2691 ut
2137 2630 2337 2715 potius
2368 2632 2607 2713 privato
2635 2652 2864 2716 pauco-

486 2737 620 2779 rum
651 2730 713 2778 et
741 2716 1043 2779 latronum
1073 2715 1349 2794 consilio,
1381 2716 1561 2799 quam
1595 2716 1767 2799 regio
1798 2727 2136 2800 susceptum
2163 2714 2389 2777 bellum
2415 2715 2740 2779 videretur.

571 2799 715 2864 CX.
762 2800 960 2865 Erant
987 2823 1125 2864 cum
1171 2801 1413 2864 Achiua
1439 2801 1660 2902 copiae,
1709 2812 1775 2862 ut
1824 2821 2020 2883 neque
2071 2821 2343 2878 numero,
2395 2822 2592 2884 neque
2645 2823 2866 2884 genere

405 2887 822 2967 30homiuum,
853 2909 1047 2971 neque
1099 2908 1212 2949 usu
1259 2886 1346 2949 rei
1398 2885 1693 2963 militaris,
1725 2884 2185 2948 contemneudoe
2214 2885 2574 2948 viderentur.
2665 2883 2867 2950 Miffia

489 2973 647 3036 enim
681 2994 776 3035 xx.
807 2973 870 3035 in
902 2974 1084 3035 armis
1108 2974 1390 3036 habebat.
1477 2968 1637 3034 Haec
1666 2971 2028 3034 constabant
2049 2989 2127 3033 ex
2152 2968 2513 3033 Gabinianis
2538 2970 2864 3034 militibus:

489 3058 593 3142 qui
609 3059 741 3142 jam
768 3059 829 3121 in
854 3058 1348 3122 consuetudinem
1374 3056 1811 3120 Alexandrina?
1836 3055 1979 3118 vitae
2008 3069 2190 3138 atque
2236 3054 2497 3119 licentiae
2538 3069 2865 3134 veneraut;

490 3158 549 3208 et
578 3165 798 3208 nomen
828 3144 1330 3229 disciplinamque
1358 3141 1434 3205 P.
1465 3140 1551 3205 R.
1582 3141 2014 3218 dedidicerant,
2045 3160 2382 3224 uxoresque
2425 3141 2747 3219 duxerant,
2787 3162 2864 3204 ex

489 3230 706 3313 quibus
734 3229 1006 3314 plerique
1036 3229 1256 3292 liberos
1286 3228 1609 3290 habebant.
1696 3224 1839 3289 Huc
1885 3225 2257 3300 accedebant
2297 3225 2539 3296 collecti
2581 3248 2660 3290 ex
2701 3246 2864 3310 prae·

409 3316 755 3378 35donibus
783 3314 1238 3396 latronibusque
1266 3311 1489 3395 Syriae,
1534 3308 1896 3392 Ciliciaeque
1941 3309 2299 3395 provinciae,
2354 3311 2864 3392 finitimarumque

488 3398 829 3480 regionum.
916 3397 1096 3461 Multi
1128 3410 1444 3481 proeterea,
1474 3396 1689 3478 capitis
1735 3394 2025 3473 damnati,
2056 3394 2380 3480 exulesque
2408 3408 2815 3459 convenerant
2839 3416 2859 3457 t

490 3482 876 3566 fugitivisque
905 3483 1185 3545 omnibus
1214 3481 1435 3545 nostris
1462 3495 1659 3544 certus
1688 3493 1819 3543 erat
1839 3479 2235 3545 Alexandriae
2266 3493 2560 3566 receptus,
2584 3493 2868 3563 certaque

490 3567 635 3630 vitae
666 3568 958 3646 conditio,
988 3582 1073 3645 ut,
1103 3567 1249 3631 dato
1301 3567 1565 3644 nomine,
1619 3564 1876 3628 militum
1922 3579 2120 3627 essent
2168 3587 2460 3629 numero:
2505 3586 2766 3649 quorum
2817 3564 2868 3628 si

490 3655 623 3737 quis
653 3654 690 3716 a
719 3652 969 3717 domino
997 3651 1623 3738 comprehenderetur,
1654 3671 1950 3713 concurso
1997 3649 2251 3714 militum
2304 3651 2721 3736 eripiebatur3
2766 3650 2869 3733 qui

409 3739 617 3803 40vim
649 3760 915 3818 suorum,
982 3737 1105 3801 uod
1130 3739 1193 3801 in
1222 3737 1401 3800 simili
1420 3735 1603 3820 culpa
1624 3737 2037 3813 versabantur,
2057 3735 2172 3820 ipsi
2202 3756 2314 3819 pro
2338 3757 2450 3800 suo
2472 3735 2750 3820 periculo
2768 3737 2870 3798 de·

492 3824 835 3888 sendebaut.
924 3759 1010 3886 fli
1041 3844 1254 3906 regum
1286 3822 1514 3885 amicos
1534 3822 1614 3885 ad
1643 3835 1897 3884 mortem
1917 3822 2281 3905 deposcere3
2324 3822 2386 3884 bi
2410 3821 2623 3884 bonal

491 3925 618 3973 tum
648 3910 910 3995 diripere
929 3909 1208 4009 stipendii
1233 3907 1498 3991 augendi
1518 3907 1750 3985 caussa,
1776 3907 1935 3990 regis
1959 3904 2204 3968 domum
2226 3906 2522 3984 obsidere,
2543 3926 2742 3989 regno
2764 3927 2871 3969 ex·

492 3995 715 4081 pellere
744 3994 914 4072 alios,
946 3994 1098 4057 ahos
1128 4013 1456 4069 accersere,
1487 4006 1686 4056 vetere
1714 3992 1979 4075 quodam
2010 3990 2413 4056 Alexandrini
2445 3991 2753 4055 exercitiis
2780 3991 2869 4053 in·

491 4082 718 4159 stituto‚
749 4091 1202 4144 consueverant.
1289 4077 1491 4142 Erant
1513 4092 1810 4163 praeterea
1853 4077 2120 4160 equitum
2172 4075 2363 4140 millia
2391 4098 2465 4141 11.
2507 4077 2615 4161 qui
2644 4077 2870 4140 invete-

469 4246 1194 4322 aveinaermioponmumn]
1260 4245 1607 4306 Antiquienim
1727 4239 2872 4316 27.El¹upotiiuprivat9pooeorumdldn-

409 4315 596 4362 ahila:
634 4312 850 4373 publicas
871 4325 920 4357 tn
943 4310 1113 4357 erario
1134 4311 1395 4369 ponebant,
1415 4310 1605 4355 eodem·
1668 4320 1782 4354 num
1812 4305 2019 4361 con-ulto,
2231 4318 2375 4366 reg-to,
2405 4303 2515 4365 δια]
2579 4304 2673 4357 Qun
2695 4309 2871 4362 punt:

410 4391 502 4435 que
538 4377 588 4423 iu
620 4376 726 4423 loco
756 4374 983 4435 pecunias
1003 4382 1053 4419 et
1072 4371 1261 4419 tabula
1281 4371 1418 4429 quasi
1442 4369 1606 4431 mag-ui
1668 4368 1844 4417 bellum
1866 4376 2039 4441 gerunt
2107 4375 2266 4413 mnes
2289 4367 2527 4422 dicuutur,
2557 4373 2609 4412 et
2639 4365 2738 4412 tale
2773 4363 2878 4411 bel-

410 4439 599 4519 otxaequi
622 4446 845 4498 utrasque
867 4435 1014 4509 pretii·
1025 4435 1251 4482 volebant
1270 4433 1514 4506 collocari.
1668 4431 1784 4486 lum,
1805 4430 2121 4538 hmffffluss’
2165 4428 2289 4538 Redxi
2304 4427 2416 4476 verb
2434 4441 2647 4489 persona
2675 4426 2876 4488 βιώσῃ

409 4500 548 4604 ...ἐξ
565 4502 1063 4608 ῗῖἕιῗέἕὲἵῖἒὲῗξ
1078 4502 1217 4618 ‘'ww“
1236 4493 1607 4614 ww&
1661 4493 1914 4631 ssssfff‘
2031 4506 2088 4599 ἰ
2104 4506 2340 4601 m...
2342 4552 2377 4614 ·]
2413 4551 2528 4604 a...
2547 4551 2728 4601 ω,
2747 4547 2871 4598 ..a

407 4619 465 4724 f·
488 4619 545 4727 {le-
561 4621 821 4729 3:3¹3?oe
838 4631 969 4728 εἷσε(
990 4623 1154 4669 consul
1178 4621 1341 4695 populi
1364 4619 1503 4667 Rom.
1523 4633 1608 4668 ne·
1668 4619 1796 4666 ttboe
1812 4615 1892 4670 Ro
2067 4628 2240 4665 uxore·
2261 4615 2448 4665 dm.
2479 4691 2484 4698 ’

437 4696 487 4726 es
738 4697 816 4729 um
891 4697 1082 4743 nuque
1101 4697 1207 4732 ene
1229 4695 1450 4732 nmmum.
