3059 5050
1125 296 1404 363 unsa
1445 296 1534 362 v.
2384 312 2397 324 ·
2482 308 2565 372 ς,

134 468 189 516 et
211 444 423 531 vigiliis
433 442 764 533 periculum
795 454 1109 528 augeatur.
1195 443 1411 509 Prima
1448 445 1582 508 luce
1611 438 1697 508 sic
1742 464 1822 509 ex
1849 445 2062 508 castris
2089 445 2483 530 proficiscun-

134 552 239 611 tur,
283 548 344 595 ut
386 533 600 614 quibus
643 544 796 592 esset
838 550 1207 613 persuasum,
1253 551 1376 593 non
1420 531 1498 592 ab
1541 530 1730 605 hoste,
1774 528 1879 591 sed
1922 530 2001 591 ab
2044 530 2289 595 homine
2331 535 2483 597 ami-

133 620 362 681 cissimo
389 614 749 697 Ambiorige
786 614 1102 676 consilium
1147 614 1376 692 datum,
1418 613 1775 695 longissimo
1818 613 2081 696 agmine,
2127 620 2484 700 magnisque

136 705 205 764 im
284 699 582 762 diruentis,

206 723 486 846 {xxm
531 784 615 847 At
641 783 859 860 hostes,
890 796 1101 866 postea
1129 781 1310 866 quam
1350 802 1428 845 ex
1451 797 1750 846 nocturno
1782 782 2019 846 fremitu
2041 783 2387 930 *2⁵5⁵anoe
2409 788 2487 851 de
2526 791 2569 850 5

132 870 494 953 profectione
517 864 726 929 eorum
747 880 1071 944 senserunt,
1092 866 1402 929 collocatis
1425 866 1657 931 insidiis
1675 866 1960 966 bipartito
1978 867 2044 930 in
2093 868 2105 882 ‘
2134 869 2243 946 vis,
2263 890 2488 953 oppor-

133 968 269 1014 tuno
317 964 500 1034 atque
541 952 782 1013 occulto
812 953 969 1029 loco,
1016 952 1053 1012 a
1095 952 1358 1016 millibus
1385 972 1670 1036 passuum
1702 952 1937 1017 clrciter
1961 973 2035 1015 11.
2065 950 2487 1019 Romanorum

133 1038 448 1098 adventum
472 1038 933 1118 exspectabant:
977 1051 1038 1097 et
1077 1057 1259 1119 quum
1306 1057 1369 1098 se
1408 1037 1605 1118 major
1802 1035 2063 1118 agminis
2089 1037 2155 1099 in
2201 1058 2491 1120 magnam

134 1121 461 1182 convallem
483 1120 829 1196 demisisset,
841 1136 907 1181 ut
924 1120 1175 1202 utraque
1191 1134 1364 1204 parte
1382 1121 1509 1266 egilis
1526 1056 1915 1182 mlffibitb
1936 1141 2061 1182 sese
2079 1122 2461 1186 ostenderunt
2468 1146 2489 1203 3

135 1206 603 1285 novissimosque
631 1225 920 1286 premere,
950 1219 1010 1266 et
1036 1206 1266 1288 primos
1295 1225 1407 1289 pro
1452 1205 1615 1267 'bere
1645 1205 1957 1281 adscensu,
1987 1218 2166 1286 atque
2192 1206 2576 1288 iniquissi-IO

134 1310 228 1349 mo
258 1289 478 1350 nostris
500 1288 637 1349 loco
668 1287 946 1371 proelium
972 1289 1345 1352 committere
1373 1302 1706 1372 coeperunt.
2418 1356 2424 1361 ,

211 1370 527 1434 XXXIII.
572 1370 736 1433 Tum
767 1374 1008 1435 demum
1037 1372 1332 1451 Titurius,
1374 1375 1461 1435 uti
1492 1374 1597 1456 qui
1624 1372 1774 1436 nihil
1802 1373 1944 1435 ante
1969 1374 2348 1457 providisset,
2374 1389 2492 1439 tre·

135 1456 362 1538 pidare,
394 1477 770 1534 concursare,
813 1459 1205 1539 cohortesque
1248 1458 1566 1542 disponere
1576 1479 1595 1537 3
1661 1458 1795 1521 haec
1838 1471 2040 1521 tamen
2091 1458 2225 1557 ipsa
2262 1460 2472 1525 timidi:

136 1553 309 1621 atque
343 1555 410 1601 ut
431 1562 566 1601 eum
597 1543 803 1603 omnia
826 1542 1081 1603 deficere
1109 1543 1485 1605 viderentur:
1528 1542 1693 1625 quod
1720 1541 2073 1626 plerumque
2100 1543 2173 1605 iis
2220 1544 2497 1609 accidere

136 1626 464 1701 cousuevit,
496 1626 598 1706 qui
642 1625 705 1687 in
732 1626 866 1709 ipso
895 1627 1142 1707 negotio
1167 1626 1482 1689 consilium
1526 1647 1744 1711 capere
1773 1641 2096 1707 coguntur.
2177 1627 2263 1690 A:
2290 1626 2579 1707 Cottals

136 1712 229 1788 qui
264 1708 594 1789 cogitasset
633 1709 767 1770 hoec
809 1731 984 1792 posse
1013 1711 1076 1770 in
1105 1711 1316 1772 itinere
1359 1711 1653 1786 accidere,
1698 1724 1876 1791 atque
1921 1711 2003 1771 ob
2045 1731 2180 1773 eam
2223 1732 2500 1776 caussam

133 1793 528 1874 profectionis
557 1805 769 1853 auctor
799 1814 921 1853 non
951 1793 1175 1869 fuisset,
1205 1794 1372 1855 nulla
1403 1794 1466 1854 in
1495 1815 1559 1855 re
1588 1793 1895 1855 communi
1938 1793 2114 1855 saluti
2157 1795 2398 1859 deerat:
2442 1810 2505 1861 et

133 1878 192 1937 in
225 1874 611 1958 appellandis
636 1875 1141 1957 cohortandisque
1160 1876 1466 1952 militibus,
1496 1875 1915 1958 imperatoris:
1957 1890 2017 1936 et
2043 1877 2107 1937 in
2135 1878 2362 1959 pugna,
2392 1880 2504 1941 mi-

131 1958 256 2019 litis
285 1958 489 2019 officia
516 1958 863 2040 praestabat.
950 1957 1275 2041 Quumque
1297 1972 1545 2043 propter
1566 1959 2004 2041 longitudinem
2034 1959 2291 2040 agminis
2312 1961 2510 2025 minus

133 2042 323 2104 facile
350 2063 458 2125 per
488 2062 549 2103 se
580 2043 785 2103 omnia
809 2042 994 2120 obire,
1026 2057 1085 2104 et
1113 2042 1255 2125 quid
1290 2065 1529 2125 quoque
1559 2043 1697 2106 loco
1733 2042 2074 2105 faciendum
2103 2057 2273 2121 esset,
2304 2046 2595 2127 provi-20

138 2127 279 2188 dere
304 2138 576 2209 possent:
592 2126 903 2207 jusserunt
921 2127 1320 2210 pronuntiari,
1352 2141 1418 2189 ut
1435 2128 1863 2210 impedimenta
1886 2126 2303 2210 relinquerent,
2329 2142 2509 2211 atque

141 2211 198 2271 in
248 2212 461 2270 orbem
492 2210 918 2270 consisterent:
965 2211 1128 2292 quod
1158 2210 1474 2275 consilium
1515 2211 1627 2273 etsi
1672 2211 1733 2272 in
1782 2211 2075 2292 ejusmodi
2118 2232 2264 2274 casu
2305 2234 2510 2311 repre·-

144 2293 524 2356 bendendum
567 2314 691 2354 non
720 2308 827 2370 est,
853 2308 1052 2356 tamen
1083 2294 1466 2357 incommode
1493 2295 1744 2373 accidit:
1786 2315 1931 2357 nam
1971 2307 2031 2357 et
2058 2295 2275 2358 nostris
2304 2298 2511 2361 militi-

143 2379 250 2465 bus
277 2398 446 2460 spem
477 2377 708 2455 minuit,
739 2391 799 2440 et
820 2380 1017 2440 hostes
1043 2378 1120 2440 ad
1148 2379 1546 2462 pugnandum
1572 2379 1894 2442 alacriores
1924 2379 2153 2442 effecit:
2198 2379 2361 2462 quod
2382 2403 2509 2446 non

149 2462 268 2526 siue
298 2482 536 2525 summo
566 2462 781 2526 timore
804 2477 862 2526 et
890 2463 1306 2548 desperatione
1329 2463 1390 2527 id
1421 2462 1644 2527 sactum
1675 2462 2006 2527 videbatur.
2079 2462 2391 2528 Praeterea
2408 2472 2591 2532 stc-25

149 2548 309 2625 cidit,
359 2547 523 2629 quod
577 2547 710 2609 fieri
760 2570 996 2612 necesse
1033 2562 1180 2626 erat,
1225 2562 1292 2611 ut
1327 2548 1515 2630 vulgo
1548 2548 1764 2610 milites
1793 2550 1872 2611 ab
1902 2549 2090 2631 signis
2118 2549 2509 2629 discederent,

152 2652 407 2717 quaeque
437 2631 685 2714 quisque
714 2654 920 2695 eorum
951 2634 1261 2696 carissima
1287 2633 1555 2710 haberet,
1585 2634 1664 2695 ab
1692 2633 2132 2717 impedimentis
2172 2647 2373 2719 petere
2419 2652 2513 2700 at·

153 2742 260 2803 que
290 2718 416 2781 arri
461 2737 559 2780 ere
587 2733 955 2804 properaret,
985 2732 1046 2784 et
1072 2717 1335 2783 clamore
1365 2739 1438 2784 ac
1469 2718 1611 2782 fletu
1640 2718 1846 2784 omnia
1872 2717 2332 2803 complerentur.

233 2738 540 2866 xxiii&
604 2805 691 2867 At
736 2805 1010 2868 barbaris
1062 2806 1378 2869 consilium
1423 2827 1547 2868 non
1594 2805 1798 2868 defuit.
1883 2803 2049 2867 Nam
2096 2805 2279 2868 duces
2301 2828 2511 2870 eorum

155 2903 273 2950 tota
301 2889 439 2950 acie
467 2890 843 2971 pronuntiari
859 2892 1185 2972 jusserunt,
1212 2911 1286 2951 ne
1316 2889 1448 2971 quis
1474 2891 1553 2950 ab
1576 2889 1716 2950 loco
1740 2889 2099 2952 discederet:
2128 2890 2365 2952 illorum
2386 2896 2597 2954 esse30

157 2974 446 3057 praedam,
473 2987 650 3055 atque
680 2973 797 3035 illis
826 2974 1136 3050 reservari,
1165 2994 1544 3071 quaecunque
1567 2971 1836 3034 Romani
1866 2971 2265 3053 reliquissent:
2308 2974 2516 3056 proin-

156 3057 224 3119 de
252 3057 465 3118 omnia
491 3057 554 3119 in
585 3058 838 3119 victoria
880 3057 1077 3141 posita
1104 3058 1534 3120 existimarent.
1620 3053 1820 3117 Erant
1847 3068 1907 3115 et
1934 3055 2149 3116 virmte
2177 3067 2236 3116 et
2262 3077 2515 3119 numero

158 3142 489 3224 pugnando
536 3163 710 3225 pares
763 3143 980 3206 nostri:
1036 3140 1272 3204 tametsi
1315 3140 1355 3202 a
1396 3139 1552 3201 duce
1595 3153 1655 3201 et
1694 3139 1732 3200 a
1771 3138 2015 3200 surmus
2054 3137 2517 3201 deserebantur:

159 3229 354 3288 tamen
399 3246 637 3288 omnem
680 3248 846 3311 spem
895 3225 1101 3289 salutis
1145 3226 1209 3288 in
1251 3225 1471 3288 virtute
1499 3224 1845 3307 ponebant:
1903 3235 1964 3285 et
1990 3221 2221 3303 quoties
2263 3242 2520 3304 quaeque

161 3312 375 3372 cohors
421 3325 824 3393 procurrerat,
873 3311 951 3374 ab
980 3309 1055 3374 ea
1079 3323 1250 3395 parte
1296 3329 1557 3390 magnus
1607 3306 1870 3370 hostium
1918 3326 2199 3369 numerus
2240 3306 2601 3374 cadebat-35

162 3392 294 3477 Qua
321 3415 393 3456 re
424 3395 863 3473 animadversa,
892 3395 1215 3457 Ambiorix
1246 3391 1623 3479 pronuntiari
1657 3392 1855 3474 jubet,
1884 3403 1953 3454 ut
1977 3389 2192 3475 procul
2228 3390 2349 3454 tela
2374 3411 2522 3456 con-

152 3477 385 3559 jiciant,
431 3501 545 3541 neu
594 3480 844 3564 propius
888 3479 1218 3556 acoedant3
1273 3491 1336 3541 et
1361 3499 1543 3561 quam
1573 3477 1635 3540 in
1664 3490 1897 3560 partem
1933 3473 2204 3538 Romani
2231 3475 2521 3575 impetum

164 3561 425 3641 fecerint,
456 3564 701 3627 cedant:
749 3565 988 3646 levitate
1013 3583 1341 3640 armorum,
1365 3575 1424 3624 et
1446 3559 1801 3660 quotidiana
1821 3560 2250 3624 exercitatione
2271 3560 2422 3624 mhil
2449 3560 2522 3626 iis

166 3650 366 3711 noceri
482 3669 602 3711 sse:
656 3670 858 3713 rursus
888 3670 950 3713 se
977 3648 1059 3712 ad
1087 3648 1267 3731 signa
1293 3646 1645 3729 recipientes
1668 3645 2082 3727 insequantur.

243 3730 375 3794 XX
443 3731 523 3793 V.
571 3731 717 3814 Quo
745 3747 1052 3818 praecepto
1077 3734 1155 3795 ab
1184 3731 1258 3793 iis
1286 3728 1742 3812 diligentissime
1773 3730 2111 3805 observato,
2142 3749 2327 3811 quum
2356 3734 2610 3810 qum-4⁰

168 3814 322 3897 piam
349 3817 571 3878 cohors
598 3839 676 3880 ex
707 3818 854 3881 orbe
876 3830 1232 3894 excesserat,
1256 3828 1437 3897 atque
1461 3814 1753 3898 impetum
1782 3813 2023 3890 fecerat,
2048 3812 2247 3875 hostes
2275 3811 2526 3874 velocis-

170 3900 309 3962 sime
363 3901 771 3983 refugiebant:
823 3902 1059 3964 interim
1106 3899 1181 3963 ea
1222 3913 1391 3985 parte
1419 3897 1636 3961 nudari
1665 3918 1906 3960 necesse
1932 3909 2081 3973 erat,
2126 3908 2188 3958 et
2233 3896 2313 3958 ab
2340 3894 2527 3958 latere

173 4000 374 4066 aperto
404 3985 526 4047 tela
553 3988 758 4071 recipi.
844 3984 1083 4048 Rursus
1111 4005 1296 4066 quum
1325 3983 1390 4046 in
1418 4003 1557 4045 eum
1602 3980 1826 4058 locum,
1876 3981 2040 4046 unde
2085 3992 2257 4044 erant
2283 3979 2530 4062 egressi,

174 4071 380 4132 reverti
428 4085 737 4154 coeperant
745 4093 765 4150 3
822 4083 883 4134 et
908 4071 986 4133 ab
1017 4070 1088 4132 iis
1117 4069 1220 4153 qui
1256 4080 1574 4144 cesserant,
1620 4079 1681 4129 et
1723 4067 1800 4128 ab
1831 4066 1902 4129 iis
1976 4065 2034 4126 ui
2062 4063 2327 4149 proximi
2357 4075 2532 4125 stete-

175 4168 320 4232 rant,
350 4154 1013 4234 circumveniebantur3
1056 4154 1150 4216 sin
1177 4165 1375 4215 autem
1399 4150 1602 4215 locum
1633 4163 1833 4213 tenere
1853 4170 1929 4213 ve
1973 4162 2093 4226 ent,
2111 4168 2305 4230 neque
2328 4146 2614 4211 virtutus

178 4233 335 4300 locus
364 4238 830 4323 relinquebatur,
877 4259 1073 4322 neque
1101 4238 1139 4300 a
1183 4235 1355 4301 tanta
1380 4235 1762 4298 multitudine
1806 4235 2084 4317 conjecta
2109 4232 2232 4294 tels
2272 4229 2529 4293 conferti

231 4370 306 4415 22.
337 4371 397 4417 In
431 4368 583 4418 orbem
617 4369 919 4419 mmmmm
976 4370 1220 4419 Inorbem
1248 4383 1361 4418 con·
1480 4367 1952 4429 ‚egkam—

180 4429 271 4476 smi
296 4371 1363 4491 wummabiis,quinonl]1oemndorimdl

179 4493 360 4550 ma,
389 4494 474 4540 „a
510 4494 583 4540 m:
620 4491 805 4541 tant-im
843 4492 1043 4542 eon-iso
1076 4490 1364 4543 sanam
1483 4490 1567 4539 ss.
1593 4486 2622 4553 amatistes-amq&

181 4563 397 4614 '’⁰⁹²⁰“
461 4555 780 4746 5⁵⁸5&
801 4677 963 4729 m,
1422 4549 2605 4730 Wwffiafflffl
2458 4563 2623 4668 ···‘‚
