3059 5050
1226 256 1506 324 Lmen
1546 254 1666 325 111.
1735 236 1742 243 ’

2540 268 2664 330 257

212 410 581 494 Quantoque
625 411 755 493 ejus
800 406 1061 494 amplius
1104 422 1478 492 processerat
1521 407 1827 493 temporis,
1860 419 2029 471 tanto
2056 422 2230 471 erant
2258 406 2580 474 alacriores

212 499 292 559 ad
322 496 627 561 custodias
656 497 759 578 qui
785 495 1078 557 classibus
1104 508 1408 578 praeerant
1418 516 1436 571 ;
1481 495 1891 576 majoremque
1913 493 2197 555 fiduciam
2222 496 2607 578 prohibendi,

212 581 557 660 habebant3
600 596 662 642 et
701 581 928 642 crebris
971 578 1253 663 Pompeii
1306 579 1512 641 litteris
1559 577 2031 659 castigabantur,
2063 581 2351 660 quoniam
2383 582 2581 665 primo

208 666 546 728 venientem
579 662 894 728 Caesarem
926 685 1048 726 non
1073 664 1536 747 prohibuissent,
1566 676 1633 724 ut
1661 663 1922 745 reliquos
1968 664 2096 745 ejus
2137 666 2435 728 exercitus
2473 667 2584 729 im-

208 752 525 834 peditent:
571 751 897 832 duriusque
943 749 1211 833 quotidie
1261 762 1496 831 tempus
1544 748 1623 810 ad
1671 748 2201 895 tranzportandum
2253 750 2582 813 lenioribus
2626 756 2664 814 5

208 836 404 898 ventis
447 837 899 919 exspectabant.

987 833 1227 916 Quibus
1257 834 1434 894 rebus
1463 848 1770 917 permotus
1862 854 2038 911 oesar‚
2069 831 2462 896 Brundisium
2506 837 2587 899 ad

210 941 355 982 suos
397 920 662 983 severius
704 919 956 1002 scripsit,
980 932 1045 980 ut
1091 919 1252 980 nacti
1282 917 1569 981 idoneum
1599 934 1866 997 ventum,
1897 939 1973 980 ne
2002 919 2381 981 occasionem
2414 922 2584 983 navi-

210 1005 405 1086 gandi
436 1005 818 1080 dimitterent,
848 1005 896 1064 si
925 1004 1018 1065 vel
1050 1003 1127 1064 ad
1180 1001 1385 1065 littora
1430 1002 1911 1086 Apolloniatium
1941 1024 2178 1065 cursum
2210 1004 2585 1085 dirigerent3

212 1089 384 1171 quod
409 1089 482 1151 eo
508 1110 689 1151 naves
713 1091 925 1171 ejicere
943 1101 1206 1172 possent.
1282 1085 1440 1152 Haec
1467 1088 1504 1149 a
1526 1088 1816 1151 custodiis
1840 1088 2119 1150 classium
2145 1087 2285 1151 loca
2315 1091 2583 1153 maxime

215 1176 557 1252 vacabant3
600 1174 761 1255 quod
786 1194 848 1234 se
878 1172 1120 1255 longius
1151 1173 1427 1256 portibus
1455 1174 1829 1235 committere
1858 1194 1981 1236 non
2005 1174 2310 1235 auderent.

2591 1181 2670 1240 10

299 1257 541 1320 XXVI.
601 1257 697 1320 Illi
730 1258 1004 1320 adhibita
1044 1258 1306 1319 audacia
1332 1272 1394 1320 et
1422 1259 1661 1333 virtute,
1692 1258 2245 1321 administrantibus
2273 1258 2365 1322 M.
2390 1259 2587 1322 Anto-

212 1343 316 1405 nio
345 1357 403 1405 et
432 1341 622 1405 Fusio
650 1341 914 1421 Kalene,
946 1342 1200 1406 multum
1232 1343 1377 1426 ipsis
1419 1344 1710 1406 militibus
1740 1344 2136 1423 hortantibus,
2167 1364 2362 1427 neque
2402 1345 2587 1409 ullum

210 1427 541 1512 periculum
573 1450 686 1511 pro
716 1428 908 1490 salute
947 1426 1213 1490 Caesaris
1255 1429 1689 1505 recusantibuS‚
1721 1430 1881 1491 nacti
1915 1443 2202 1506 austrum,
2245 1451 2428 1491 naves
2467 1429 2586 1492 sol-

210 1526 377 1590 vunt,
425 1527 605 1595 atque
634 1512 827 1575 altera
867 1514 966 1575 die
1016 1511 1405 1597 Apolloniam
1458 1512 1520 1576 D
1569 1513 1990 1597 rracliiumque
2009 1517 2588 1660 ssraetervehuntuu

257 1599 319 1660 ui
347 1598 486 1660 cum
528 1611 725 1660 essent
765 1619 844 1659 ex
875 1599 1202 1660 continenti
1234 1599 1367 1675 visi,
1393 1597 1475 1680 Q.

1571 1600 1849 1682 oponius,
1876 1600 1977 1681 qui
2072 1600 2380 1681 yrrhachii
2408 1600 2670 1665 classus

281 1683 483 1745 hodioe
513 1698 795 1766 praeerat,
846 1705 1029 1745 naves
1057 1704 1132 1744 ex
1166 1697 1344 1765 portu
1374 1684 1615 1761 educit;
1667 1700 1727 1745 et
1756 1704 1940 1765 quum
1980 1685 2114 1765 jam
2164 1686 2349 1745 nostri
2382 1688 2588 1746 remis-

208 1769 371 1830 siore
401 1782 584 1830 vento
611 1768 1212 1850 appropinquassent,
1245 1768 1402 1829 idem
1436 1782 1636 1830 auster
1664 1769 1982 1844 increbuit,
2015 1770 2349 1851 nostrisque
2379 1771 2589 1852 praesi-

210 1852 318 1915 dio
366 1852 497 1914 fuit.
585 1850 805 1933 Neque
845 1852 991 1913 vero
1040 1852 1141 1913 ille
1187 1853 1268 1913 ob
1314 1874 1448 1913 eam
1503 1873 1778 1914 caussam
1827 1867 2048 1915 conatu
2097 1853 2437 1930 desistebat,
2488 1856 2590 1917 sed

209 1937 426 2000 labore
460 1950 523 1999 et
563 1937 1012 2021 perseverantia
1053 1950 1373 1998 nautarum
1413 1958 1474 1998 se
1514 1938 1637 1998 vim
1681 1938 2047 2022 tempestatis
2091 1959 2371 2021 superare
2414 1960 2588 2021 posse

210 2023 537 2107 sperabat3
582 2035 1130 2106 praetervectosque
1159 2021 1616 2102 Dyrrhachium
1649 2023 1874 2104 magna
1902 2024 1962 2083 vi
1995 2023 2152 2084 venti
2185 2022 2373 2084 nihilo
2399 2028 2674 2086 seems20

208 2109 593 2189 sequebatur.

685 2105 893 2168 Nostri
956 2108 1045 2168 usi
1101 2106 1362 2169 sortunae
1415 2108 1731 2184 beneficio,
1786 2121 1986 2170 tamen
2041 2107 2328 2191 impetum
2382 2108 2590 2170 classis

206 2192 524 2268 timebant,
574 2192 623 2253 si
672 2191 828 2254 sorte
876 2205 1087 2253 ventus
1134 2194 1474 2253 remisisset.
1565 2191 1748 2253 Nacti
1798 2207 2056 2275 portum,
2097 2196 2200 2273 qui
2249 2193 2590 2276 appellatur

205 2275 652 2361 Nymphaeum,
686 2276 842 2338 ultra
866 2275 1107 2338 Lissum
1137 2276 1325 2338 millia
1349 2298 1634 2359 passuum
1663 2298 1763 2339 111.
1787 2277 1862 2339 eo
1887 2298 2072 2339 naves
2098 2278 2589 2341 introduxerunt:

211 2361 343 2448 (qui
386 2376 597 2446 portus
645 2363 725 2424 ab
754 2361 967 2424 Africo
997 2363 1332 2443 tegebatur,
1365 2363 1443 2424 ab
1473 2378 1677 2424 austro
1708 2380 1830 2425 non
1862 2377 1992 2425 erat
2020 2375 2181 2423 tutus
2203 2361 2247 2448 t)
2279 2361 2588 2446 leviusque

210 2448 579 2532 tempestatis
610 2447 791 2530 quam
822 2448 1031 2510 classis
1077 2447 1411 2531 periculum
1457 2450 1926 2510 aestimaverunt.

2016 2446 2160 2530 Quo
2204 2448 2380 2512 simul
2411 2454 2672 2533 atque25

211 2531 373 2594 intus
401 2545 492 2595 est
518 2535 686 2612 itum,
717 2534 1055 2596 incredibili
1086 2533 1371 2596 felicitate
1403 2549 1621 2611 auster,
1653 2534 1756 2616 qui
1786 2555 1895 2617 per
1923 2534 2174 2596 biduum
2223 2534 2492 2612 flaverat,
2524 2537 2588 2600 in

212 2616 488 2680 Africum
521 2639 583 2680 se
611 2619 803 2681 vertit.

296 2701 575 2766 XXVII.
636 2701 758 2766 Hic
789 2705 1045 2767 subitam
1077 2704 1614 2767 commutationem
1663 2704 1922 2767 sortunae
1953 2705 2155 2768 videre
2184 2705 2369 2769 licuit.
2460 2703 2587 2788 Qui

269 2930 316 2975 δ.
354 2927 621 3002 Duriusque
667 2928 867 2992 quotidie
908 2931 1123 2993 tempus]
1200 2929 1411 2978 Facilius

206 2992 338 3038 enim
373 3003 479 3038 erat
516 3000 668 3038 vitare
700 2991 942 3038 custodias
974 2991 1100 3038 szevfi
1131 3001 1411 3051 tempestate

205 3053 353 3112 qua-n
390 3053 613 3111 molliori,
643 3053 736 3113 quii
774 3069 861 3112 pro
899 3054 1044 3101 animi
1074 3055 1145 3101 sui
1177 3054 1411 3101 sententia

204 3118 469 3162 utebantur
490 3127 846 3174 persequentes.

273 3180 320 3224 6.
350 3176 526 3236 Quibus
546 3177 678 3224 rebus
700 3182 936 3239 permotus
962 3177 1151 3240 Casan]
1200 3178 1411 3237 Tempus

208 3240 327 3287 illud
365 3240 454 3286 fuit
488 3253 596 3286 cum
630 3239 787 3285 servili
812 3251 939 3287 veste
973 3239 1141 3296 lutens,
1176 3240 1413 3302 ingressus

208 3311 285 3350 est
307 3302 554 3364 navigium
578 3302 845 3361 parvulum,
866 3312 912 3349 et
924 3303 1033 3363 ‚iam
1054 3303 1276 3350 saviente
1299 3303 1412 3350 ssuc-

209 3373 263 3411 tu
286 3363 699 3425 despondentique
715 3366 927 3411 animum
943 3366 1268 3426 gubernatori,
1290 3380 1412 3422 sese,

207 3427 316 3484 quis
333 3435 472 3483 esset,
490 3427 694 3487 aperuit,
712 3439 760 3474 et
777 3428 946 3487 Perge,
969 3442 1076 3489 age,
1098 3428 1266 3487 inquit,
1289 3431 1412 3475 aude

209 3499 261 3536 et
283 3490 398 3536 nihil
416 3491 560 3545 time;
585 3490 827 3536 Caesarem
850 3490 997 3546 vehis,
1012 3489 1196 3550 uinaque
1207 3490 1413 3538 Caesaris

211 3553 471 3599 fortunam.
531 3553 669 3605 Quod
694 3554 872 3599 factum
889 3554 1162 3612 dictumque
1177 3551 1206 3600 a
1226 3554 1411 3600 Plutar-

207 3616 324 3670 cho,
350 3611 586 3673 Appiano,
609 3615 715 3661 Val.
746 3616 879 3663 Max.
906 3615 1226 3673 Suetonioque
1248 3630 1412 3662 narra·

209 3685 307 3723 tur.
392 3676 609 3723 Lucanus
648 3678 726 3724 lib.
767 3692 812 3724 v.
854 3680 1073 3736 precibus
1116 3678 1348 3737 minisque
1386 3677 1415 3726 a

210 3739 411 3786 Caesare
452 3748 697 3787 evocatum
742 3741 1001 3787 Antonium
1046 3740 1192 3787 fuisse
1234 3741 1411 3787 scribit.

208 3801 462 3860 Appianas
484 3801 595 3848 vero
615 3801 834 3848 diffusum
857 3803 926 3850 ait
951 3803 1059 3864 jam
1083 3812 1192 3862 post
1230 3803 1276 3850 id
1315 3804 1412 3849 sac-

202 3872 313 3910 tum
336 3864 484 3910 latere
514 3877 672 3923 posse,
694 3865 1019 3911 Posthumium
1043 3865 1091 3911 in
1116 3865 1301 3913 ltaliam
1324 3879 1413 3924 pro

207 3940 264 3973 se
286 3926 487 3983 misisse,
504 3926 787 3987 quijuberet
809 3928 1062 3975 Gabinium
1078 3925 1105 3973 ὲ
1129 3926 1325 3989 vestigio
1349 3931 1410 3975 ad

206 4002 264 4036 se
285 3988 511 4049 trajicere
532 3990 810 4045 exercitum,
843 3991 940 4048 qui,
973 3991 1010 4034 si
1045 3990 1208 4046 nollet,
1238 3991 1408 4037 eadem

206 4051 1120 4166 'eummw‘ssmqfflffl‘iisszssiffffciissfflpss'ss
1153 4053 1412 4172 ἒὲἱοῶῗῖἓ

403 4148 412 4159 ·
1118 4146 1132 4170 9

209 4175 359 4222 aliam
382 4176 602 4222 universo
623 4177 852 4224 exercitui
875 4178 1071 4237 legeret,
1095 4175 1142 4222 in
1178 4191 1273 4237 qua
1307 4190 1414 4235 pre·

206 4238 440 4297 seriptum
457 4249 578 4296 erat,
594 4247 646 4285 ut
661 4240 742 4298 qui
761 4239 894 4298 sequi
912 4239 1053 4286 vellet
1070 4238 1413 4294 Posthumium,

206 4314 359 4348 naves
389 4315 498 4348 cum
532 4302 637 4361 ipso
667 4303 1026 4356 conscenderet,
1061 4299 1414 4360 appellere-tque

203 4362 305 4422 (ιώ
322 4373 500 4422 posset,
514 4364 662 4411 etiam
677 4377 787 4409 cum
803 4364 998 4410 navium
1014 4362 1243 4436 periculo,
1260 4378 1413 4424 neque

202 4425 340 4472 enim
378 4425 560 4474 cesari
597 4426 815 4481 navibus,
855 4426 941 4471 sed
982 4424 1095 4471 viris
1137 4439 1257 4483 opus
1294 4439 1413 4472 esse.

205 4487 376 4534 Cosas·
396 4488 525 4535 enim
548 4488 665 4534 nihil
691 4486 799 4548 jam
831 4501 941 4533 usus
963 4486 1178 4540 consilio,
1213 4487 1413 4535 sortunoe

202 4548 1412 4670 :33³afflixit-...Astsafflsffir

780 4641 794 4668 ,
1394 4635 1413 4648 .

204 4682 303 4735 tet,
324 4675 575 4733 Gabinius,
596 4675 677 4735 qui
699 4674 830 4736 sequi
852 4688 905 4722 se
932 4673 1183 4721 voluerunt
1215 4675 1279 4722 ad
1309 4674 1412 4724 Ce-

1473 2944 1649 2987 sarem,
1672 2931 1808 2977 duxit
1827 2946 1913 2991 per
1943 2931 2201 2993 Illyricum,
2234 2932 2396 2977 nullibi
2430 2941 2675 2991 moratum

1473 2995 1558 3039 sed
1580 3008 1744 3039 omnes
1768 2993 1866 3040 fere
1889 2994 2058 3040 milites
2083 2993 2318 3041 interfecti
2348 3003 2456 3039 sunt
2480 2996 2541 3040 ab
2563 2995 2676 3056 luy·

1472 3055 1600 3112 ricis,
1633 3069 1721 3103 nec
1744 3056 1906 3103 ulcisci
1929 3056 2080 3115 potuit
2105 3056 2283 3113 Coesar,
2307 3056 2540 3102 Antonius
2564 3055 2676 3105 vero

1474 3118 1665 3178 trajecit
1689 3132 1837 3164 mare.

1535 3183 1581 3226 9.
1605 3178 1737 3240 Quod
1756 3178 1806 3227 εὸ
1828 3193 1964 3226 naves
1985 3179 2148 3244 ejicere
2166 3179 2384 3241 possent]
2441 3178 2563 3225 Ctim
2590 3195 2675 3228 na·

1476 3242 1546 3288 vis
1580 3242 1626 3287 in
1661 3243 2000 3301 importuosum
2025 3241 2152 3288 littus
2175 3244 2348 3303 agitur,
2384 3240 2461 3288 ubi
2494 3244 2676 3318 {rangi-

1478 3315 1569 3360 tur,
1592 3305 1735 3351 salvis
1759 3315 1919 3351 tamen
1943 3311 1990 3351 et
2021 3305 2250 3364 expositis
2274 3304 2321 3351 in
2352 3313 2532 3351 terram
2556 3306 2674 3353 mili·

1474 3369 1615 3414 tibus.

1543 3430 1614 3476 13.
1645 3429 1903 3491 Attanum]
1969 3431 2143 3476 Auster
2171 3438 2336 3477 ventus
2359 3431 2674 3479 meridianum

1473 3492 1721 3539 cardinem
1742 3501 1888 3539 tenet.

1543 3556 1615 3601 15.
1644 3555 1697 3613 Q.
1722 3554 1988 3616 Coponius]
2029 3554 2176 3601 Caius
2197 3554 2368 3610 dicitur
2389 3553 2418 3602 a
2439 3555 2674 3605 Cicerone

1475 3617 1558 3664 lib.
1583 3632 1614 3664 ι.
1636 3619 1696 3662 de
1729 3616 2051 3674 Divinatione,
2069 3619 2150 3675 ‘qui
2187 3618 2416 3664 nonnulla
2448 3619 2590 3665 habet
2614 3635 2674 3665 eo

1475 3680 1583 3726 loco
1615 3680 1705 3725 huc
1741 3678 2055 3738 pertinentia:
2097 3681 2148 3727 C.
2176 3680 2435 3751 Coponium
2456 3679 2521 3726 ad
2539 3685 2580 3726 te
2605 3695 2673 3726 re·

1474 3740 1589 3788 nisse
1625 3740 1915 3802 Dyrrhachio
1937 3755 2041 3788 cum
2069 3747 2283 3804 pretorio
2309 3739 2519 3804 imperio,
2541 3741 2676 3788 classi

1476 3802 1668 3852 Rhodie
1704 3809 1929 3865 praesset,
1965 3818 2068 3851 eum
2101 3804 2267 3866 primis
2297 3803 2528 3850 hominem
2558 3818 2674 3876 pru-

1474 3864 1657 3913 dentem
1698 3869 1740 3913 et
1777 3865 1975 3922 doctum,
2010 3881 2114 3914 eum
2181 3880 2202 3911 e
2244 3863 2412 3911 dixisse
2451 3879 2676 3938 revmgem

1473 3929 1703 3990 quendam
1727 3927 1779 3975 in
1800 3929 2117 3990 quinqueremi
2207 3927 2419 3974 odiorum
2453 3928 2672 3976 vaticam

1473 3994 1573 4062 tum
1592 3989 1900 4053 madefactum
1933 3990 1995 4037 iri
2025 3989 2182 4038 minus
2219 4003 2329 4037 xxx.
2361 3988 2519 4037 diebus
2546 3991 2674 4037 Groe·

1471 4066 1958 4176 αωῶωχξκιΐιὴεαω,
1880 4052 2000 4176 ὣς]
2069 4112 2246 4160 Plinius
2290 4113 2675 4161 Promontorium

1476 4185 1618 4223 vocat
1638 4176 1719 4222 lib.
1741 4190 1817 4224 ιιι.
1839 4191 1945 4236 cap.
1968 4178 2044 4223 22.

1538 4237 1608 4285 lb.
1651 4237 1867 4301 fissum]
1933 4238 2096 4286 Lissus
2138 4237 2366 4298 oppidum
2415 4236 2675 4297 illyricum,

1476 4302 1604 4359 quod
1808 4301 1947 4348 achio
1968 4301 2114 4347 distat
2136 4313 2181 4346 c.
2203 4298 2408 4344 millibus
2429 4312 2675 4358 passuum,

1477 4373 1644 4410 autore
1708 4362 1837 4409 linio.
1901 4362 2061 4411 Hodie
2082 4360 2255 4416 Alexio,
2278 4359 2534 4419 Sophiano.

1538 4426 1603 4476 2⁴
1635 4423 1833 4534 diffie]
1889 4425 2077 4471 Africus
2098 4431 2266 4469 ventus
2287 4422 2369 4482 qui
2404 4422 2490 4470 flat
2511 4424 2573 4471 ab
2594 4439 2673 4472 oc-

1475 4501 1592 4536 casu
1613 4487 1662 4533 hi
1781 4502 1825 4533 ο.

1537 4551 1614 4596 25.
1644 4547 1744 4608 Quo
1764 4547 1906 4596 simia
1926 4551 2062 4608 atque
2082 4547 2207 4594 intus
2236 4551 2297 4593 est
2325 4545 2482 4611 itum]
2545 4549 2676 4598 Intro

1477 4613 1598 4660 solet
1619 4612 1730 4670 dici,
1753 4613 1831 4658 ubi
1858 4618 2009 4656 motus
2035 4608 2291 4670 significari
2314 4611 2561 4673 contingit.

1537 4675 1615 4722 28.
1644 4673 1737 4735 Qus·
1764 4671 1896 4722 modo
1923 4671 2011 4721 sibi
2030 4672 2318 4736 tinnierunt]
2367 4674 2629 4722 Cmariani
