3059 5050
380 296 509 357 324
1404 285 1484 349 A.
1530 282 1832 351 HIRTII

462 436 811 501 Trebonius
863 434 1191 519 proconsul
1242 436 1319 497 ad
1374 435 1758 518 provinciam
1809 432 2199 497 obtinendam
2247 433 2432 496 venit.
2547 431 2659 496 De
2711 433 2964 516 cujus

464 526 726 588 adventu
759 534 823 583 ut
852 521 1144 601 cognovit
1175 519 1447 595 Cassius,
1496 520 1791 601 legiones„
1825 541 1975 602 quas
2024 541 2226 581 secum
2275 520 2600 596 babuerat,
2641 521 2958 601 equita-

467 624 713 690 tumque
750 607 810 668 in
858 606 1108 668 hiberna
1152 606 1497 667 distribuit:
1555 607 1703 689 ipse,
1750 606 2030 668 omnibus
2059 604 2180 666 suis
2211 606 2388 666 rebus
2418 604 2724 667 celeriter
2769 626 2962 666 eor-

470 696 690 779 reptis;
736 691 1045 754 Malacam
1077 682 1428 767 contendit3
1474 690 1680 772 ibique
1712 691 1969 753 adverso
1993 703 2261 773 tempore
2291 691 2646 771 navigandi
2705 712 2954 752 naves

386 785 424 842 5
469 778 837 853 conscendit,
870 791 935 838 ut
963 778 1091 861 ipse
1121 776 1520 859 pra-dicabat,
1552 797 1628 838 ne
1681 798 1744 837 se
1795 773 2134 852 Trebonio,
2165 788 2226 837 et
2271 772 2540 859 Lepido,
2592 790 2666 837 et
2721 774 2954 838 Mar-

470 865 626 927 cello
657 863 1092 924 committeret:
1140 876 1205 922 ut
1252 862 1432 922 amici
1464 862 1592 942 ejus
1634 862 2015 937 dictitabant,
2066 882 2142 923 ne
2173 882 2281 944 per
2309 882 2445 922 eam
2477 862 2946 943 provinciam

469 952 704 1012 minore
733 969 871 1009 cum
903 947 1203 1027 dignitate
1232 947 1343 1007 iter
1372 945 1614 1023 faceret,
1656 947 1827 1026 cujus
1858 968 2085 1027 magna
2133 966 2273 1029 pars
2305 947 2387 1008 ab
2415 968 2491 1007 eo
2523 947 2906 1008 defecerat
2929 970 2946 1005 :

475 1054 541 1097 ut
571 1034 776 1096 caeteri
807 1032 1256 1109 existimabant,
1290 1052 1364 1093 ne
1394 1032 1655 1115 pecunia
1689 1031 1794 1093 illu
1823 1053 1899 1093 ex
1933 1032 2182 1093 infinitis
2214 1032 2444 1116 rapinis
2492 1031 2838 1094 confecta
2875 1034 2944 1095 in

473 1132 825 1205 potestatem
857 1118 1213 1199 cujusquam
1247 1118 1496 1179 veniret.
1588 1115 1958 1197 Progressus
1990 1118 2275 1194 secunda,
2307 1129 2373 1178 ut
2403 1102 2712 1194 hiberna,
2751 1133 2936 1180 tem·

395 1211 718 1305 lopestate‚
752 1225 935 1285 quum
969 1204 1027 1264 in
1059 1201 1302 1264 Iberum
1337 1202 1560 1264 flumen
1593 1204 1786 1264 noctis
1835 1203 2103 1264 vitandae
2148 1202 2362 1264 caussa
2399 1224 2463 1264 se
2492 1203 2937 1281 contulisset,

473 1291 613 1354 inde
656 1289 864 1373 paullo
894 1289 1339 1350 vehementiore
1387 1300 1741 1371 tempestate
1789 1286 1980 1349 nihilo
2023 1287 2417 1372 periculosius
2450 1308 2514 1349 se
2549 1290 2934 1371 navigatu-

474 1398 607 1439 rum
640 1376 908 1451 medem,
942 1374 1262 1457 profectu8‚
1294 1373 1563 1436 adversis
1598 1373 1876 1435 fluctibus
1905 1374 2361 1435 occurrentibus
2390 1374 2559 1435 ostio
2593 1375 2932 1451 fluminis,

474 1462 536 1524 in
577 1461 721 1545 ipsis
766 1460 1058 1534 faucibus,
1091 1480 1275 1540 quum
1324 1480 1517 1540 neque
1563 1459 1803 1520 flectere
1848 1479 2063 1520 navem
2112 1473 2359 1543 propter
2403 1460 2535 1519 vim
2595 1460 2924 1538 fluminis

473 1569 549 1609 ne
594 1569 669 1607 ue
697 1547 988 1607 directam
1018 1544 1198 1605 tantis
1232 1543 1510 1605 fluctibus
1542 1558 1740 1605 tenere
1765 1557 1985 1626 posset,
2017 1542 2294 1606 demersa
2322 1545 2464 1606 navi
2497 1546 2728 1628 periit.

396 1636 471 1695 15
526 1569 765 1693 -ἹιΧν,
815 1629 1023 1712 Quum
1057 1630 1116 1691 in
1145 1629 1389 1711 Syriam
1424 1630 1643 1691 caesar
1670 1650 1744 1689 ex
1795 1626 2077 1712 AEgypto
2105 1629 2382 1706 venisset,
2434 1644 2635 1712 atque
2692 1634 2790 1694 ab
2825 1633 2918 1709 iis,

474 1718 577 1799 qui
632 1716 840 1778 Roma
892 1728 1184 1777 venerant
1241 1716 1320 1776 ad
1372 1736 1533 1789 eum,
1583 1729 2000 1796 cognosceret,
2048 1714 2380 1797 litterisque
2425 1718 2710 1778 urbanis
2781 1720 2919 1780 ani-

474 1803 895 1877 madverteret,
974 1800 1163 1862 multa
1214 1799 1441 1862 Romae
1507 1800 1668 1862 male
1737 1814 1799 1862 et
1855 1798 2143 1862 inutiliter
2195 1801 2649 1879 administrari,
2705 1824 2918 1887 neque

476 1889 662 1951 ullam
695 1902 926 1971 partem
960 1885 1311 1970 reipublicae
1343 1886 1485 1947 satis
1514 1885 1838 1948 commode
1885 1886 2055 1966 geri3
2101 1886 2267 1968 quod
2291 1897 2354 1948 et
2380 1890 2908 1952 contentionibus

478 1973 800 2037 tribunitiis
833 1973 1191 2055 perniciosae
1223 1971 1547 2033 seditiones
1595 1972 1933 2050 orirentur3
1977 1985 2036 2033 et
2083 1971 2414 2034 ambitione
2463 1986 2668 2056 atque
2697 1976 2906 2038 indul-

392 2058 685 2141 20gentia
714 2059 1092 2119 tribunorum
1126 2056 1402 2133 militum,
1450 2070 1509 2118 et
1563 2056 1666 2139 qui
1715 2056 2059 2137 legionibus
2107 2071 2430 2141 praeerant,
2484 2060 2698 2123 multa
2755 2083 2897 2123 eon-

481 2161 573 2206 tra
622 2164 851 2205 morem
905 2142 1516 2222 consuetudinemque
1584 2141 1903 2203 militarem
1977 2143 2206 2219 fierent,
2266 2164 2407 2224 quae
2467 2144 2894 2209 dissolvendae

476 2228 816 2312 disciplinae
847 2227 1295 2307 severitatisque
1317 2241 1551 2304 essent3
1595 2248 1788 2309 eaque
1809 2227 2016 2289 omnia
2041 2227 2317 2311 flagitare
2345 2230 2696 2293 adventum
2718 2252 2880 2294 sumn

478 2316 747 2390 videret3
796 2328 995 2374 tamen
1044 2311 1487 2395 praeserendum
1538 2313 1925 2390 existimavit,
1978 2334 2130 2395 quas
2182 2314 2244 2375 in
2337 2315 2870 2398 rovinciasoegio-

478 2422 704 2482 nesque
734 2400 1010 2475 venisset,
1056 2420 1158 2461 eas
1206 2399 1292 2460 ita
1338 2397 1675 2481 relinquere
1727 2399 2104 2476 constitutas,
2158 2412 2223 2461 ut
2313 2402 2638 2464 omesticis
2665 2404 2867 2465 dissen-

396 2486 751 2549 2bsionibus
790 2485 1206 2561 liberarentur,
1248 2486 1395 2566 jura
1442 2483 1727 2567 legesque
1768 2485 2133 2569 acciperent,
2187 2499 2246 2548 et
2290 2500 2705 2551 externorum
2753 2490 2875 2550 bos-

479 2572 626 2633 tium
673 2585 894 2631 metum
950 2570 1340 2653 deponerent.
1430 2568 1588 2631 Haec
1639 2571 1701 2632 in
1756 2571 1960 2653 Syria,
1993 2570 2234 2648 Cilicia,
2289 2571 2440 2634 Asia
2493 2574 2784 2637 celeriter
2831 2595 2882 2635 se

477 2655 889 2716 confecturum
941 2657 1261 2736 sperabat3
1307 2654 1473 2736 quod
1528 2655 1624 2714 lite
1656 2646 1991 2737 provinciae
2023 2655 2191 2717 nullo
2221 2657 2380 2720 bello
2411 2663 2876 2742 premebantur:

480 2739 554 2801 In
602 2737 904 2819 Bithynis
956 2760 1027 2799 ac
1082 2738 1287 2799 Ponto
1341 2738 1475 2821 plus
1529 2740 1731 2801 oneris
1777 2741 2026 2802 videbat
2077 2742 2428 2826 impendere
2480 2745 2622 2808 sibi.
2753 2747 2875 2809 Nos

481 2826 641 2886 enim
672 2823 998 2885 excessisse
1049 2822 1254 2885 Ponto
1284 2822 1667 2886 Pharnacem
1714 2826 2007 2902 audierat,
2063 2848 2258 2910 neque
2287 2849 2690 2894 excessurum
2724 2852 2876 2917 puta·

400 2913 608 2987 30bat,
653 2931 837 2992 quum
889 2910 1156 2971 secundo
1208 2909 1428 2993 proelio
1481 2922 1635 2972 esset
1689 2912 2074 2974 vehementer
2124 2913 2385 2991 inflatuS,
2446 2918 2614 2996 quod
2680 2933 2879 2980 eontra

482 2995 824 3058 Domitium
880 2994 1209 3058 Calvinum
1264 2995 1504 3058 fecerat.
1614 2995 2048 3059 Commoratus
2101 2998 2226 3060 fere
2283 3000 2344 3060 in
2398 3003 2696 3065 omnibus
2751 3003 2876 3066 civi-

488 3083 733 3159 tatibuS‚
766 3103 907 3164 quae
939 3083 1168 3164 majore
1199 3099 1337 3143 sunt
1364 3083 1682 3163 dignitate,
1727 3084 1987 3166 praemia
2029 3084 2182 3145 bene
2227 3086 2454 3147 meritis
2479 3101 2546 3148 'et
2575 3088 2805 3151 viritim
2829 3099 2875 3148 et

438 3195 443 3201 ·
486 3168 730 3252 publice
762 3168 998 3230 tribuit:
1037 3168 1113 3229 de
1138 3168 1563 3230 controversiis
1588 3169 1887 3230 veteribus
1906 3170 2225 3250 cognoscit
2248 3192 2321 3232 ac
2343 3173 2570 3234 statuit.
2664 3173 2872 3256 Reges

487 3269 800 3335 tyrannm,
832 3254 1124 3335 dynastas
1155 3253 1510 3336 provinciae,
1545 3253 1971 3338 finitimosque,
2021 3255 2124 3336 qui
2174 3276 2386 3319 omnes
2433 3258 2516 3320 ad
2563 3275 2708 3321 ‘eum
2737 3280 2870 3320 con-

403 3385 741 3462 1.rccibtis‚qui
778 3403 839 3447 ad
874 3401 1027 3461 ipsum
1062 3404 1122 3447 de
1155 3402 1250 3448 alio
1284 3400 1332 3447 in
1364 3400 1523 3447 locum
1556 3400 1611 3453 Q.
1676 3400 1731 3448 P.
1756 3401 2061 3448 Dolabellam
2084 3402 2241 3476 legem
2263 3404 2324 3450 de
2346 3404 2527 3452 tabulis
2553 3404 2673 3451 navis
2694 3403 2853 3448 tulisse.

403 3466 557 3512 Cassii
602 3465 907 3523 subrogando
952 3464 1265 3522 scripserant.
1346 3464 1497 3509 Autor
1540 3472 1613 3509 est
1679 3463 1816 3510 Unde
1838 3473 2007 3510 exorta
2045 3465 2232 3519 seditio,
2269 3481 2414 3526 quam
2455 3478 2507 3512 ut
2545 3472 2858 3525 conpesceret,

404 3529 547 3575 Dion.

470 3591 508 3636 1.
549 3589 615 3635 De
638 3604 691 3635 cu
707 3587 774 3632 ‘ns
794 3586 993 3634 adventu
1016 3592 1065 3635 ul
1088 3586 1316 3648 coguovit,
1349 3585 1458 3649 tw]
1531 3587 1612 3634 Li-

400 3653 505 3699 vius
530 3653 658 3711 apud
733 3650 1016 3696 riscianum:
1059 3649 1244 3697 Caesium
1274 3651 1474 3711 gessisset
1507 3665 1614 3697 cum

412 3713 636 3762 Trebonio
659 3714 845 3766 bellum,
867 3712 906 3757 η’
924 3713 1163 3784 Bogudem
1182 3727 1336 3776 regem
1358 3712 1537 3760 trahere
1560 3711 1615 3759 in

401 3778 661 3826 societatem
680 3775 858 3823 sceleris
882 3780 1112 3836 potasset.

466 3843 511 3885 4.
540 3840 772 3887 Malam
806 3837 1072 3899 mittenda]
1146 3838 1287 3886 Nunc
1308 3837 1482 3884 dicitur
1503 3838 1610 3886 Ma·

403 3903 569 3964 lagua,
591 3901 759 3960 optimi
784 3900 880 3946 vini
906 3903 1057 3957 ferax,
1090 3904 1214 3948 unde
1238 3900 1286 3946 in
1310 3900 1431 3948 alias
1454 3909 1608 3947 terras

403 3981 463 4011 ex
608 3973 715 4021 tur3
763 3959 885 4008 adeo
924 3964 1122 4020 munita,
1154 3972 1205 4009 ut
1239 3974 1467 4021 tanquam
1502 3977 1612 4022 pro·

1676 3525 1784 3573 cum
1825 3527 1872 3573 in
1908 3529 2075 3573 urbem
2115 3527 2286 3574 milites
2325 3529 2594 3577 induxisset
2627 3529 2690 3576 Μ.
2727 3531 2862 3574 Amo-

1675 3589 1782 3635 nius
1828 3591 2060 3650 magister
2117 3590 2348 3648 equitum,
2400 3591 2607 3650 perime
2645 3594 2703 3639 de
2742 3592 2865 3651 plebe

1678 3666 1825 3697 nccc.
1861 3652 2018 3698 Multa
2051 3652 2165 3699 item
2188 3652 2315 3699 male
2337 3657 2578 3714 gerebant
2601 3656 2706 3716 ejus
2727 3653 2868 3708 amici,

1677 3713 1755 3772 qui
1776 3713 1906 3759 illum
1931 3714 2021 3760 sibi
2044 3730 2149 3761 esse
2171 3715 2432 3762 obnoxium
2468 3730 2671 3776 propter
2692 3730 2868 3777 operam

1675 3777 1723 3821 in
1761 3776 1887 3823 bello
1922 3785 2151 3824 navatam
2196 3780 2450 3836 putabant,
2495 3794 2706 3838 quorum
2749 3776 2867 3840 prid

1674 3847 1814 3885 eraut
1837 3838 2106 3896 Dolabella,
2129 3840 2365 3888 Antonius
2385 3850 2534 3900 atque
2553 3843 2848 3890 Cornificius-

1736 3903 1814 3948 21.
1854 3902 1965 3961 Quoe
1989 3900 2283 3950 dissolvenda
2322 3902 2584 3964 discipline
2618 3903 2870 3954 seres-itae&

1675 3979 1763 4027 qne
1786 3965 1964 4026 aaut]
2031 3964 2355 4012 Helleuismus
2390 3974 2481 4023 est,
2518 3970 2732 4016 subaudi
2771 3967 2869 4016 ἶιω

404 4027 726 4088 pugnaculum
745 4026 955 4085 aliquod,
977 4024 1170 4082 objecta
1186 4026 1406 4073 videatur
1420 4026 1611 4073 Africa.

464 4093 509 4136 9.
545 4092 818 4151 Progressus
848 4089 1064 4142 secunda,
1099 4092 1148 4134 ul
1181 4087 1377 4137 hiberna
1419 4094 1610 4149 tempes-

403 4153 533 4214 tate]
601 4152 655 4199 ld
691 4159 780 4206 est,
820 4151 1031 4196 secunda
1053 4159 1354 4209 tempestate,
1377 4161 1611 4210 quantum

404 4217 554 4261 biems
579 4214 865 4274 patiebatur.
931 4213 1010 4259 Sic
1048 4213 1179 4259 infra
1199 4213 1364 4259 similis
1387 4222 1461 4259 est
1482 4214 1611 4260 locu·

404 4277 485 4322 tio.
553 4277 683 4324 Ziela
704 4281 766 4323 a!
798 4274 1015 4337 oppidum
1040 4275 1092 4321 in
1126 4275 1295 4330 Ponto,
1414 4275 1476 4322 'tu
1498 4276 1613 4338 ipso,

402 4343 454 4385 nt
476 4338 529 4386 ἰη
546 4339 692 4401 plano
716 4338 830 4394 loeo,
849 4336 960 4384 satis
978 4336 1228 4384 mamiliam.
1282 4337 1303 4384 1
1353 4346 1442 4395 est,
1459 4352 1612 4398 quan·

402 4410 503 4445 tum
538 4401 760 4458 planities
795 4400 993 4459 patitur,
1015 4399 1132 4446 satis
1170 4400 1421 4447 munitum.
1486 4401 1618 4448 Nam

403 4461 484 4506 illo
507 4470 723 4518 tempore
746 4478 842 4509 non
875 4472 978 4509 erat
1000 4461 1177 4508 natura
1211 4463 1445 4508 munitum
1477 4463 1614 4523 oppi-

402 4525 532 4574 dum,
554 4524 681 4577 quod
698 4533 803 4570 erat
826 4525 873 4570 in
897 4525 1042 4583 plano
1065 4524 1172 4570 loco
1194 4525 1519 4571 constitutum.

470 4582 540 4628 17.
572 4582 727 4627 ,Μαλέα
750 4583 903 4632 Roma
927 4582 1049 4634 mal&
1071 4591 1112 4633 et
1133 4586 1369 4634 inutiliter
1385 4585 1606 4634 adminis-

402 4642 555 4701 tram]
613 4640 735 4685 Ct‘un
774 4646 979 4699 plurima
1033 4657 1243 4706 arguunt
1296 4650 1448 4695 multa
1483 4649 1608 4694 male

402 4704 565 4752 Rome.
589 4709 723 4758 gesta
747 4703 906 4754 fuisse,
938 4717 1039 4753 tum
1072 4712 1202 4766 quod
1241 4709 1403 4756 Livius
1441 4709 1606 4757 scribit

1672 4042 1828 4075 cam.

1735 4091 1814 4136 26.
1849 4088 1964 4137 Haec
1983 4088 2038 4137 in
2056 4088 2214 4150 Syria,
2251 4088 2440 4149 cilicia,
2460 4091 2620 4155 M]
2689 4089 2871 4155 Prope*

1675 4153 1823 4207 dicta,
1845 4153 1906 4197 de
1922 4151 2014 4210 qua
2037 4166 2198 4210 supra.

1737 4217 1814 4260 28.
1830 4214 1899 4261 Ae
1914 4214 2103 4275 Pomm]
2129 4214 2445 4274 Macedones,
2459 4217 2704 4265 debellato
2721 4217 2871 4270 nanto,

1676 4276 2057 4336 Cappadociam,
2074 4291 2220 4337 quam
2240 4276 2401 4325 Persa:
2418 4281 2540 4327 duas
2558 4280 2610 4326 in
2635 4281 2870 4342 Sati-apin

1674 4339 1953 4398 diviserant,
1976 4339 2025 4386 in
2040 4339 2240 4386 totidem
2261 4355 2414 4400 regua
2431 4342 2597 4400 partiti
2615 4353 2745 4390 sumt.
2809 4342 2871 4389 Al·

1675 4409 1829 4447 teram
1869 4402 1932 4448 ad
1976 4402 2208 4460 Taurum,
2250 4402 2638 4462 Cappadociam,
2682 4406 2869 4454 dm-

1676 4463 1885 4510 Poutum
1923 4464 2303 4522 appellaverunt,
2336 4480 2443 4525 quae
2481 4466 2756 4516 Pharnacis
2783 4474 2870 4515 aa!

1672 4533 1888 4585 tempore
1927 4525 2148 4573 Caesaris.
2233 4527 2337 4580 Quo
2371 4529 2629 4577 Pharnace
2668 4532 2869 4590 depulso,

1671 4587 1978 4695 Mitbrffatea
2015 4589 2343 4648 Pergamenus
2366 4604 2476 4638 eam
2509 4593 2747 4640 beneficio
2780 4593 2866 4639 Ca·

1669 4664 1790 4696 saris
1857 4649 2005 4697 abuit.

1727 4712 1809 4760 34.
1849 4710 2125 4773 minos-J
2145 4712 2287 4760 Parvi
2311 4727 2450 4775 reg-es
2472 4728 2560 4761 sen
2579 4715 2778 4783 regibus
2795 4712 2865 4762 iui-
