3059 5050
850 320 974 386 DE
1018 319 1322 386 BELLO
1365 319 1716 386 HISPAN.
1761 321 2061 389 LIBER.
2554 330 2677 393 379

223 470 577 537 Ucubenses
604 470 992 547 convocasse,
1023 471 1227 554 eisque
1254 470 1661 554 imperavisse,
1690 484 1776 549 ut,
1801 470 2119 554 diligentia
2143 470 2431 551 adhibita,
2457 496 2594 559 per-

224 558 548 640 quirerent,
580 556 905 640 quiessent
933 577 1176 618 suarum
1205 557 1489 640 partium,
1520 557 1782 637 itemque
1811 558 2295 620 adversariorum
2319 559 2594 624 victoriae

222 642 509 705 fautores.
626 640 765 704 Hoc
819 642 1125 724 praeterito
1184 654 1470 724 tempore,
1523 642 1587 703 in
1634 642 1884 725 oppido,
1951 644 2115 723 quod
2162 643 2276 706 fuit
2325 658 2592 730 captum,

222 749 431 789 servus
454 744 547 790 est
566 727 896 812 prehensus
919 726 980 791 in
1001 725 1300 802 canicule,
1322 746 1497 806 quem
1518 747 1704 811 supra
1720 726 2263 790 demonsuevimus
2281 732 2590 793 dominum

207 812 550 894 jugulasse.
637 810 698 874 Is
728 812 899 873 vivus
921 824 1009 872 est
1053 811 1417 871 combustus·
1505 809 1866 894 Eodemque
1897 825 2167 896 tempore
2212 815 2591 878 centuriones
2633 821 2672 879 5

222 896 463 961 loricati
492 918 634 960 vm.
665 897 744 958 ad
775 896 1084 958 Caesarem
1114 893 1566 977 transfugerunt
1586 917 1666 958 ex
1691 896 1932 979 legione
1960 897 2305 975 vernacula,
2335 912 2393 961 et
2420 903 2592 982 equi-

224 996 314 1045 tes
347 983 532 1045 nostri
551 1003 686 1044 cum
712 979 1190 1043 adversariorum
1217 978 1515 1127 eilutitibus
1540 982 1848 1064 congressi
1879 996 2035 1060 sunt,
2060 996 2120 1045 et
2144 984 2330 1047 saucii
2361 983 2593 1066 aliquot

224 1067 580 1130 occiderunt
596 1088 669 1128 ex
690 1064 803 1128 levi
837 1063 1161 1127 armatura.
1319 1064 1340 1082 '⁸
1370 1078 1548 1128 nocte
1567 1067 1973 1150 speculatores
1996 1068 2273 1152 prehensi
2302 1070 2454 1130 servi
2488 1092 2588 1133 ιιι.

224 1169 287 1213 et
314 1173 469 1214 unus
516 1173 589 1213 ex
637 1149 877 1231 legione
904 1148 1257 1212 vernacula.
1345 1147 1523 1212 Servi
1553 1164 1693 1214 sunt
1736 1151 1799 1214 in
1843 1173 2085 1215 crucem
2115 1154 2355 1232 sublati,
2386 1154 2591 1217 militi-

224 1235 338 1299 bus
368 1236 626 1297 cervices
651 1235 957 1298 abscissae.
1217 1251 1223 1259 ·
2599 1246 2676 1303 10

307 1318 488 1383 XXI.
534 1319 792 1383 Postero
819 1320 919 1383 die
941 1318 1173 1401 equites
1200 1339 1341 1381 cum
1365 1319 1486 1382 levi
1511 1320 1818 1383 armatura
1835 1342 1913 1384 ex
1933 1321 2416 1387 adversariorum
2458 1346 2593 1388 cas-

218 1405 324 1468 tris
354 1406 433 1467 ad
464 1427 574 1469 nos
606 1406 1076 1488 transfugerunt.
1164 1403 1251 1467 Et
1277 1426 1352 1467 eo
1382 1418 1656 1488 tempore
1683 1406 1921 1469 circiter
1940 1429 2024 1469 ιι.
2050 1409 2278 1489 equites
2303 1411 2382 1472 ad
2402 1431 2593 1494 aqna-

216 1503 377 1553 tores
408 1504 648 1554 nostros
676 1504 1152 1553 excucurrerunt
1177 1512 1193 1552 z
1238 1489 1566 1552 nonnullos
1607 1490 2049 1570 interfecerunt,
2076 1494 2212 1555 item
2240 1495 2392 1557 alios
2420 1497 2594 1558 vivos

215 1576 625 1639 abduxerunt.
728 1573 834 1638 Ex
873 1576 1176 1659 equitibus
1221 1574 1383 1658 capti
1437 1589 1577 1637 sunt
1621 1576 1849 1657 equites
1893 1597 2036 1638 vm.
2122 1577 2467 1663 Insequenti
2493 1582 2595 1644 die

214 1659 554 1746 Pompeius
583 1661 775 1724 securi
794 1661 1085 1745 percussit
1112 1660 1386 1722 homines
1432 1681 1642 1723 cxxiv.
1670 1661 1772 1743 qui
1797 1660 2155 1724 dicebantur
2172 1685 2300 1727 esse
2329 1665 2676 1731 fautores15

219 1743 493 1808 Caesaris
537 1746 827 1810 victoriae.
914 1744 1213 1828 Reliquos
1266 1746 1326 1807 in
1380 1746 1675 1829 oppidum
1715 1746 1899 1827 jussit
1942 1746 2160 1811 deduci
2186 1769 2205 1826 ;
2249 1771 2329 1811 ex
2376 1752 2594 1833 quibus

216 1829 338 1892 effu
387 1845 563 1894 erunt
591 1854 736 1896 cxx.
766 1846 825 1894 et
853 1832 932 1894 ad
963 1830 1278 1894 Coesarem
1296 1844 1607 1895 venerunt.

473 1914 525 1978 I.
570 1915 711 1980 Hoc
762 1917 1070 2000 praeterito
1119 1930 1408 2000 tempore,
1441 1917 1545 1998 qui
1598 1916 1659 1978 in
1709 1916 1939 2000 oppido
1989 1916 2235 2000 Ategua
2283 1914 2597 1983 Bursavo-

219 1999 415 2063 lenses
442 2003 606 2087 capti
637 2017 816 2065 sunt:
860 2001 1044 2085 legati
1096 2001 1347 2086 profecti
1399 2014 1539 2064 sunt
1594 2022 1732 2063 cum
1778 2003 2015 2078 nostris,
2049 2004 2134 2065 uti
2182 2025 2306 2066 rem
2360 2021 2593 2087 gestam

218 2082 770 2150 Bursavolensibus
819 2087 1123 2165 referrent,
1176 2087 1324 2170 quid
1376 2100 1687 2170 sperarent
1737 2087 1814 2149 de
1862 2085 1983 2150 Cn.
2038 2086 2357 2173 Pompeio,
2403 2096 2679 2173 quum20

218 2171 492 2234 viderent
515 2173 779 2257 hospites
796 2172 1100 2256 jugulari:
1132 2185 1427 2257 praeterea
1450 2171 1641 2235 multa
1671 2171 1897 2235 scelera
1926 2176 2006 2235 ab
2036 2173 2107 2234 iis
2128 2175 2277 2251 fieri,
2304 2176 2405 2257 qui
2434 2198 2595 2260 prae-

218 2255 355 2318 sidii
386 2257 601 2321 caussa
629 2259 709 2321 ab
751 2259 842 2321 his
873 2258 1297 2342 reciperentur.
1386 2256 1514 2340 Qui
1568 2279 1754 2342 quum
1798 2259 1877 2321 ad
1925 2258 2218 2343 oppidum
2273 2263 2593 2341 venissent,

216 2341 426 2419 nostri,
494 2344 556 2404 ui
586 2338 836 2407 fuissent
863 2345 1093 2426 equites
1123 2342 1393 2406 Romani
1423 2357 1483 2404 et
1512 2356 1836 2421 senatores,
1867 2364 1989 2411 non
2015 2358 2154 2407 sunt
2181 2347 2311 2408 ausi
2342 2347 2596 2410 introire

216 2424 280 2488 in
306 2365 621 2528 oppidum,
653 2443 1056 2513 praeterquam
1084 2428 1187 2510 qui
1210 2429 1340 2510 ejus
1362 2428 1624 2491 civitatis
1653 2428 1919 2491 fuissent.
1979 2428 2261 2512 Quorum
2291 2433 2594 2515 responsis

218 2511 379 2573 ultro
400 2512 671 2597 citroque
696 2515 980 2600 acceptis,
1010 2528 1070 2577 et
1091 2513 1360 2591 redditis,
1386 2536 1571 2596 quum
1615 2513 1694 2578 ad
1725 2528 1964 2578 nostros
1993 2537 2055 2578 se
2093 2517 2445 2601 reciperent,
2492 2519 2677 2602 quiss

218 2612 395 2660 extra
425 2600 714 2684 oppidum
746 2599 1015 2678 fuissent,
1046 2598 1132 2662 illi
1158 2601 1235 2663 de
1263 2599 1553 2683 praesidio
1596 2600 1869 2678 insecuti,
1898 2622 1978 2665 ex
2015 2602 2329 2666 aversione
2360 2603 2595 2686 legatos
2665 2653 2673 2662 .

198 2682 590 2765 jugularunt.
646 2683 794 2748 Duo
820 2685 1054 2768 reliqui,
1081 2685 1183 2767 qui
1209 2707 1287 2747 ex
1311 2686 1397 2747 eis
1426 2685 1728 2768 fugerunt,
1750 2684 1988 2750 Caesari
2013 2708 2138 2749 rem
2165 2702 2397 2772 gestam
2422 2690 2595 2752 detu-

214 2766 433 2847 lerunt,
477 2784 538 2833 et
565 2771 971 2856 speculatores
1014 2772 1092 2833 ad
1140 2769 1433 2855 oppidum
1482 2771 1798 2854 Ateguam
1837 2773 2146 2836 miserunt.
2232 2772 2359 2857 Qui
2406 2797 2595 2857 quum

214 2867 446 2917 certum
477 2877 616 2918 com
696 2858 929 2935 rissent‚
963 2856 1335 2944 [legatorum
1365 2855 1687 3003 responsa)
1718 2858 1803 2920 ita
1830 2878 1961 2920 esse
1986 2871 2173 2939 gesta,
2201 2860 2594 2940 quemadmo-

211 2938 361 3002 dum
387 2940 475 3002 illi
496 2955 627 3004 retu
653 2942 854 3019 issent,
879 2943 960 3004 ab
984 2941 1309 3025 oppidanis
1327 2962 1628 3004 concursu
1673 2956 1831 3018 acto,
1855 2963 2015 3018 eum,
2037 2943 2139 3024 qui
2165 2942 2397 3024 legatos
2405 2944 2680 3025 juga-3⁰

213 3022 416 3101 lasset,
445 3025 740 3110 lapidare,
770 3040 831 3089 et
865 3027 922 3089 ei
946 3047 1162 3088 manus
1187 3027 1482 3089 intentare
1505 3039 1849 3111 coeperunt:
1875 3026 2036 3088 illius
2060 3027 2247 3110 opera
2270 3033 2594 3111 seperisse.

212 3106 315 3171 Ita
343 3110 452 3173 vix
483 3110 756 3195 periculo
781 3110 1084 3189 liberatus,
1110 3112 1281 3196 petiit
1325 3112 1403 3174 ab
1434 3111 1779 3195 oppidanis,
1810 3125 1877 3174 ut
1904 3111 1959 3173 ei
1981 3111 2192 3175 liceret
2216 3110 2486 3195 legatum
2516 3114 2597 3177 ad

215 3192 536 3258 Caesarem
569 3197 869 3281 proficisci
897 3220 913 3258 τ
958 3198 1044 3259 illi
1075 3219 1138 3259 se
1162 3196 1628 3260 satisfacturum.
1716 3195 2025 3260 Potestate
2053 3197 2217 3274 dani,
2244 3218 2430 3279 quum
2456 3198 2597 3261 inde

212 3293 371 3342 esset
399 3281 723 3365 profectu5‚
747 3283 1033 3367 praesidio
1063 3296 1440 3367 comparato,
1473 3304 1658 3364 quum
1712 3285 1865 3345 bene
1908 3304 2198 3366 magnam
2231 3304 2476 3346 manum
2508 3284 2596 3347 fe-

210 3364 432 3444 cisset;
476 3380 537 3430 et
566 3384 863 3431 nocturno
894 3382 1011 3431 tem
1061 3390 1165 3431 ore
1196 3389 1305 3452 per
1333 3367 1640 3430 fallaciam
1689 3369 1752 3431 in
1783 3369 2078 3454 oppidum
2116 3382 2270 3432 esset
2299 3375 2678 3453 receptus‚35

194 3451 654 3532 jugulationem
686 3475 972 3537 magnam
1000 3392 1162 3517 geu.
1250 3452 1660 3538 Principibus,
1692 3455 1794 3536 qui
1820 3455 1935 3518 sibi
1988 3454 2275 3518 contrarii
2327 3454 2596 3534 finissent,

208 3533 559 3617 interfectiS,
589 3539 885 3623 oppidum
916 3540 980 3601 in
1010 3560 1183 3601 suam
1212 3551 1570 3622 potestatem
1595 3541 1838 3624 recepit.
1928 3538 2068 3603 Hoc
2101 3541 2414 3624 praeterito
2445 3555 2598 3603 tem·

208 3641 387 3704 pore,
430 3624 584 3687 servi
615 3624 947 3708 transfugae
979 3625 1426 3702 nuntiaverunt,
1474 3626 1921 3708 oppidanorum
1967 3627 2132 3688 bona
2183 3626 2470 3704 vendere,
2523 3647 2600 3689 ne

273 3799 321 3846 3.
357 3799 459 3849 Hoc
499 3802 738 3865 prater-ito
774 3804 1013 3866 tempora]
1068 3803 1416 3864 Reponendum
1544 3803 1620 3848 26.
1677 3803 1755 3850 Ex
1796 3800 2048 3854 aversione.
2136 3802 2455 3861 manuscripti
2496 3803 2686 3851 codices

206 3860 402 3909 videtur
417 3868 659 3926 preterea.
1481 3861 1672 3911 Thuani
1694 3867 1790 3911 duo
1806 3865 1986 3912 habent
2004 3883 2014 3911 z
2150 3864 2433 3923 adversione,
2464 3866 2685 3913 existimo

272 3927 318 3971 9.
344 3925 478 3973 Servi
492 3932 599 3975 mni
615 3926 666 3974 in
685 3941 866 3976 erucem
885 3927 1094 3990 sublati]
1162 3928 1298 3977 Crux
1313 3935 1421 3975 erat
1482 3941 1590 3978 esse
1605 3929 1799 3984 debere,
1822 3941 1879 3976 a:
1900 3925 2314 3976 mumma-dom.

206 3988 382 4034 servile
404 3989 690 4049 supplicium
714 3992 843 4050 apud
876 3990 1137 4040 Romanos.
1545 3991 1624 4036 28.
1665 3989 1759 4050 Qui
1779 4004 1923 4052 quum
1944 3994 2116 4037 certum
2136 3988 2468 4051 conspertum,
2493 3990 2685 4050 [togato-

276 4049 348 4096 14.
384 4050 463 4098 Ex
507 4051 739 4114 equitibus
774 4052 901 4116 capti
944 4058 1053 4101 aunt
1093 4053 1267 4116 efficite·
1287 4052 1419 4114 vnn]
1483 4066 1591 4099 mm
1613 4053 1867 4115 responsa]
1903 4052 1994 4100 Illa
2015 4059 2259 4110 postrema
2280 4054 2430 4099 verba
2459 4067 2524 4098 ex
2544 4055 2691 4100 inter·

207 4112 628 4159 Adventu-iorum.
1484 4122 1788 4175 pretamento
1811 4114 1860 4161 in
1881 4123 2064 4162 textum
2088 4115 2396 4172 irrepserunt.

271 4174 343 4246 lb..
365 4175 633 4238 Insequenti
660 4175 737 4225 die
770 4176 1179 4251 Pompeimaecuri
1198 4176 1421 4252 peremit
1545 4178 1624 4224 31.
1657 4177 1794 4225 Illius
1806 4178 1950 4240 opera
1968 4192 2014 4224 se
2033 4177 2212 4238 perisse.
2270 4176 2511 4224 Dic-entes.
2590 4238 2602 4250 .
2632 4239 2644 4249 ·

202 4234 416 4284 hemma
436 4239 624 4302 uxum]
681 4240 823 4299 Apud
846 4240 1147 4297 Ciceronem,
1178 4241 1260 4288 hb.
1282 4238 1420 4299 epist.
1547 4241 1626 4286 33.
1641 4239 1725 4288 1112·
1739 4239 2178 4303 malefacterum]
2245 4253 2300 4286 ro
2316 4238 2485 4300 legatis
2499 4252 2687 4300 occisis,

203 4299 272 4344 ad
306 4297 480 4346 Famil.
519 4315 598 4349 xv.
680 4301 878 4349 Cassius
919 4305 1046 4350 hunc
1088 4304 1330 4351 crudelem
1373 4310 1423 4350 et
1484 4317 1606 4363 quos
1628 4303 1812 4350 occisos
1892 4303 2056 4350 ·aviter
2079 4302 2266 4348 ferebat
2289 4302 2471 4348 Coesar.
2554 4362 2564 4373 .

203 4362 590 4488 ἀῗξώέεαῖιίὲιῖιῗε
600 4364 1050 4492 &gepizusscytm
1065 4426 1231 4476 deduci
1248 4428 1271 4490 J
1293 4428 1418 4476 Ucu·
1481 4317 1958 4486 Possstbesswuffm
2251 4376 2442 4410 mmmm
2462 4362 2506 4425 s
2649 4365 2686 4429 ·]

108 4497 111 4500 ⁴
203 4485 324 4531 him.
1540 4491 1617 4538 38.
1649 4489 2021 4545 Nuntiaverunt,
2056 4485 2397 4549 oppidanorum
2432 4487 2552 4535 bona
2578 4502 2686 4537 ven-

271 4549 347 4595 18.
380 4547 773 4615 flammicam]
823 4553 1132 4614 Ignorantur.
1196 4551 1416 4613 Pompeii
1477 4552 1622 4613 chrm]
1658 4552 1807 4599 Forte
1829 4552 2103 4612 legendum,
2133 4547 2480 4599 manlianorum
2597 4549 2689 4598 ‘do-

204 4609 351 4656 fidem
374 4614 714 4672 sequebantur.
1478 4629 1649 4663 norum
1670 4615 1790 4663 bona
1811 4612 1963 4668 vendi,
1995 4627 2056 4658 ex
2078 4612 2171 4658 fide
2195 4611 2526 4671 Manusciripti
2591 4611 2688 4672 egil

264 4673 343 4719 22-
369 4674 464 4734 Qui
479 4689 626 4738 quum
641 4676 707 4726 ad
718 4675 946 4740 opp-‘dm
958 4676 1222 4738 venium]
1240 4677 1417 4727 Bursa-
1480 4678 1677 4734 codicis,
1700 4677 1728 4725 ὲ
1757 4676 1984 4734 Pompeio
2003 4673 2203 4730 scilicet,
2218 4676 2519 4732 edictumque
2535 4688 2597 4719 ne
2611 4674 2690 4719 cui

202 4733 381 4783 πίω.
1472 4740 1839 4848 nisiniacincto
1877 4737 2049 4790 liceret
2079 4737 2228 4786 utre.
2292 4736 2562 4808 125„de
2599 4742 2689 4789 est,
