3059 5050
1170 206 1451 277 mmm
1491 211 1641 291 yn.
2269 216 2273 221 ·
2506 219 2640 313 313⁷

188 359 393 428 Medio
414 361 541 425 sere
566 361 779 424 itinere
806 360 1059 442 equites,
1089 361 1128 423 a
1151 359 1354 424 Fabio
1377 360 1564 437 missi,
1591 372 1819 443 quanto
1849 360 2031 424 resin
2059 360 2332 445 periculo
2360 359 2556 442 fuerit,

186 460 519 532 exponunt:
546 447 794 509 summis
812 447 1008 530 copiis
1032 460 1233 508 castra
1251 457 1606 530 oppugnata
1625 445 2042 508 demonstrant
2050 467 2069 524 3
2096 453 2134 484 ‘⁴
2147 467 2330 529 quum
2342 448 2558 515 crebro

187 534 400 615 integri
425 531 668 594 defessis
692 531 1099 608 succederent,
1118 544 1473 614 nostrosque
1493 530 1737 592 assiduo
1754 528 1964 592 labore
1986 530 2407 613 defatigarent,
2428 534 2562 617 qui-

185 620 311 694 bus,
324 630 573 701 propter
591 615 1071 698 magnitudinem
1081 614 1740 699 castrorum,perpetuo
1759 626 1914 677 esset
1928 614 2139 677 iisdem
2160 617 2223 678 in
2241 615 2406 679 vallo
2425 639 2563 702 per-

183 702 574 763 manendum:
624 701 1002 763 multitudine
1030 701 1406 783 sagittarum,
1436 712 1617 783 atque
1637 699 1832 762 omnis
1853 701 2088 782 generis
2107 698 2384 779 telorum,
2404 701 2560 765 mul-
2601 706 2645 767 ⁵

184 786 658 848 tosvulneratos:
686 786 766 849 ad
791 787 923 848 haec
949 786 1292 849 sustinenda
1311 806 1541 868 magno
1563 784 1700 847 usui
1716 783 1898 847 fuisse
1927 798 2254 848 tormenta:
2293 783 2561 850 Fabium

181 871 448 933 discessu
466 891 697 946 eornm,
708 871 944 933 duabus
962 870 1182 933 relictis
1200 871 1410 955 portis,
1423 872 1734 933 obstruere
1752 883 2023 947 coeteraS‚
2029 869 2387 985 pluteosque
2396 871 2561 935 vallo

183 957 427 1032 addere,
446 969 508 1016 et
528 976 592 1017 se
609 957 672 1017 in
685 969 986 1040 posterum
1006 956 1164 1017 diem
1186 955 1437 1018 similem
1460 954 1542 1018 ad
1560 974 1767 1018 casum
1787 976 2024 1039 parare.
2050 955 2067 986 ’
2110 953 2196 1018 lis
2217 957 2391 1018 rebus
2410 978 2564 1040 cog-

182 1042 343 1116 uitis,
366 1039 603 1117 Caesar,
624 1061 859 1102 summo
880 1040 1082 1104 studio
1099 1040 1379 1118 militum,
1405 1054 1546 1103 ante
1565 1053 1762 1102 ortum
1789 1040 1932 1102 solis
1956 1041 2018 1102 in
2044 1053 2240 1103 castra
2268 1042 2560 1124 pervenit.

267 1124 477 1187 XLII.
525 1124 689 1187 Dum
737 1127 868 1188 haec
914 1126 996 1188 ad
1026 1124 1400 1207 Gergoviam
1448 1138 1759 1208 geruntur,
1790 1123 2001 1202 AEdui,
2027 1125 2243 1225 primis
2274 1126 2496 1189 nuntiis
2526 1127 2648 1191 3210

183 1209 469 1272 Litavico
495 1212 779 1295 acceptis,
810 1210 1040 1273 nullum
1072 1211 1188 1273 sibi
1226 1210 1306 1272 ad
1350 1210 1844 1292 cognoscendum
1891 1224 2151 1294 spatium
2197 1208 2560 1295 relinquunt.

169 1295 451 1394 ,Impellit
480 1295 631 1358 alios
660 1295 938 1373 avaritia,
970 1295 1123 1358 alios
1153 1296 1472 1359 iracundia
1500 1308 1561 1358 et
1605 1294 1925 1372 temeritas,
1975 1317 2116 1382 quae
2160 1297 2428 1359 maxime
2474 1296 2560 1360 illi

180 1381 495 1443 hommum
526 1381 734 1462 generi
768 1393 858 1443 est
885 1382 1116 1458 innata,
1159 1394 1225 1443 ut
1252 1381 1445 1444 levem
1476 1381 1849 1444 auditioni-m
1881 1381 2101 1444 habeat
2133 1404 2242 1464 pm
2294 1404 2350 1444 [Ἦ
2398 1404 2566 1444 snm-

178 1464 384 1549 pertfit
429 1467 593 1528 bona
619 1467 844 1528 civium
875 1464 1299 1529 Romanorum
1330 1467 1645 1552 diripiunt,
1669 1468 1865 1528 efficies
1913 1468 2153 1536 sanciunt.
2210 1468 2266 1528 in
2314 1468 2562 1528 servitu*

180 1563 304 1613 tem
325 1551 697 1613 abstrahunt.
767 1551 1039 1632 Adjuvat
1067 1572 1191 1614 rem
1223 1551 1627 1635 proclinatam
1653 1549 2181 1628 Cum-icmmanis,
2214 1552 2646 1636 plehfflnquelti

180 1637 265 1697 ad
290 1635 553 1698 furorem
579 1636 852 1719 impellit,
878 1649 962 1713 ut,
992 1635 1262 1698 facinore
1285 1636 1572 1712 admissu,
1604 1635 1683 1698 ad
1709 1640 1897 1696 sanita
1909 1652 2021 1696 tem
2061 1640 2270 1696 reverti
2322 1640 2562 1720 pudeat.

177 1719 274 1783 M.
304 1722 596 1783 Aristium
628 1721 937 1781 tribunum
986 1721 1110 1781 mil.
1139 1720 1255 1782 lter
1283 1721 1363 1781 ad
1391 1720 1696 1800 legionem
1749 1724 2081 1793 t'nsfientmn„
2137 1722 2254 1781 fide
2282 1724 2442 1797 sizna,
2490 1747 2566 1785 τῆς,

176 1806 418 1889 oppido
449 1804 785 1866 Cabillono
830 1804 1123 1865 educunt:
1166 1804 1327 1865 idem
1379 1803 1580 1866 facere
1623 1821 1853 1877 cof-tunt
1897 1829 2017 1873 ens,
2069 1809 2165 1885 [μή
2218 1809 2566 1885 lle-gitatimidi

177 1889 405 1953 caussa
432 1890 518 1950 ibi
550 1888 964 1951 constiterant.
1025 1886 1160 1949 Hos
1184 1887 1475 1950 continuo
1501 1889 1564 1950 in
1597 1888 1805 1949 itini-'rs³
1841 1893 2033 1949 :nimii
2069 1893 2346 1949 {amilius
2382 1893 2570 1973 impe-

176 1975 475 2037 dimentis
503 1985 763 2035 exuunt:
810 1985 1214 2056 repugnantes
1244 1973 1401 2035 diem
1433 1987 1793 2057 noctemque
1821 1977 2125 2033 absidem:
2161 1977 2358 2033 multis
2386 1977 2654 2037 nisisi-jis}

169 2081 305 2143 que
328 2058 677 2135 intersectis,
703 2059 993 2141 majorem
1025 2057 1465 2120 multitudinem
1499 2059 1580 2120 ad
1601 2079 1772 2120 arma
1796 2061 2124 2120 concitant.

268 2141 519 2206 XLIII.
563 2141 812 2204 Interim
843 2143 1056 2204 nuntio
1086 2142 1291 2220 allato,
1324 2162 1531 2205 omnes
1551 2163 1761 2205 eorum
1781 2142 1999 2206 milites
2022 2144 2086 2206 in
2110 2156 2405 2228 potestate
2424 2143 2571 2208 Cae-

180 2230 339 2292 saris
369 2227 578 2304 teneri,
610 2240 980 2289 concurrunt
997 2227 1076 2289 ad
1096 2227 1419 2290 Aristium:
1466 2228 1617 2291 nihil
1648 2228 1895 2312 publico
1925 2228 2149 2291 factum
2180 2229 2439 2293 consilio
2469 2231 2573 2294 de-

179 2326 555 2377 monstrant:
595 2313 999 2395 ‘quaestionem
1023 2312 1101 2374 de
1122 2312 1300 2376 bonis
1329 2313 1581 2397 direptis
1609 2314 1967 2375 decernunt:
1998 2313 2264 2377 Litavici
2289 2314 2573 2382 fratrum-

180 2421 311 2483 que
332 2400 497 2462 bona
525 2397 869 2482 publicant:
900 2397 1132 2480 legatos
1158 2398 1238 2460 ad
1257 2396 1595 2478 Caesarem,
1622 2397 1716 2460 sui
1737 2399 2045 2482 purgandi
2069 2399 2288 2482 gratia,
2309 2402 2670 2466 mittunt25‘

180 2484 352 2549 Haec
380 2485 630 2561 faciunt,
659 2485 1209 2568 recuperandorum
1239 2504 1484 2547 suorum
1516 2482 1750 2548 caussa.
1840 2482 1965 2547 Sed
2003 2485 2397 2549 contaminati
2426 2487 2576 2551 faci-

180 2592 360 2648 nore,
391 2585 451 2633 et
472 2571 635 2654 capti
666 2570 1030 2653 compendio
1053 2591 1131 2631 ex
1157 2569 1405 2653 direptis
1434 2570 1633 2648 boniS,
1660 2569 1826 2654 quod
1850 2590 1925 2632 ea
1953 2592 2047 2633 res
2078 2573 2157 2634 ad
2188 2572 2408 2636 multos
2438 2595 2574 2657 per·

179 2657 441 2735 tinebat,
465 2669 525 2718 et
552 2655 767 2718 timore
790 2676 991 2739 poenae
1015 2656 1305 2733 exterriti,
1331 2656 1585 2718 consilia
1614 2656 1772 2718 clam
1792 2656 1868 2718 de
1891 2656 2052 2719 bello
2082 2657 2234 2720 inire
2256 2658 2573 2744 incipiunt,

180 2742 587 2825 civitatesque
608 2740 869 2823 reliquas
899 2740 1305 2825 legationibus
1336 2740 1698 2804 sollicitant:
1728 2761 1871 2823 quae
1899 2744 2134 2805 tametsi
2161 2742 2380 2806 Caesar
2403 2744 2577 2807 intel-

180 2828 445 2910 ligebat,
470 2841 673 2889 tamen
703 2826 885 2908 quam
918 2825 1230 2888 mitissime
1254 2838 1472 2971 potest,
1498 2826 1734 2907 legatos
1763 2825 2060 2924 appellat:
2105 2828 2256 2890 nihil
2287 2849 2367 2905 se,
2392 2832 2662 2912 prop-30

184 2927 282 2976 ter
312 2912 689 2976 inscientiam
719 2912 1021 2973 levitatem
1067 2932 1144 2972 ue
1172 2931 1254 2972 vu
1279 2911 1361 2992 gi,
1393 2911 1643 2992 gravius
1674 2911 1750 2972 de
1778 2913 2022 2972 clvitate
2049 2912 2352 2992 judicare,
2382 2933 2579 2995 neque

184 2999 267 3061 de
302 2999 413 3060 sua
452 2997 514 3060 in
543 2996 782 3061 AEduos
813 2998 1043 3059 benevo
1067 2996 1233 3058 entia
1260 2996 1615 3057 diminuere.
1701 2992 1842 3077 Ipse
1874 2996 2166 3076 majorem
2194 2993 2419 3058 Galliae
2450 3018 2580 3058 mo-

186 3097 324 3146 tum
352 3096 732 3167 exspectans,
782 3102 859 3144 ne
900 3083 979 3144 ab
1009 3081 1291 3143 omnibus
1334 3078 1679 3142 civitatibus
1727 3077 2283 3158 circumsisteretur,
2326 3080 2581 3143 consilia

185 3169 411 3246 inibat,
443 3166 952 3251 quemadmodum
983 3166 1022 3228 a
1052 3164 1368 3248 Gergovifi
1407 3164 1760 3242 discederet,
1804 3184 1878 3226 ac
1908 3184 2113 3226 rursus
2143 3185 2384 3227 omnem
2408 3185 2582 3228 exer-

188 3256 385 3317 citum
409 3254 809 3330 contraheret,
854 3272 932 3314 ne
971 3251 1270 3337 profectio
1298 3265 1445 3314 nata
1474 3250 1512 3312 a
1536 3251 1752 3314 timore
1774 3248 2148 3329 defectionis,
2179 3249 2386 3313 similis
2416 3250 2665 3335 fugae35

186 3340 521 3403 videretur.

282 3423 525 3488 XLIV.
569 3422 731 3488 Haec
771 3422 1069 3525 cogitanti
1112 3423 1389 3486 accidere
1428 3422 1562 3485 visa
1583 3433 1673 3485 est
1697 3421 1953 3486 facultas
1980 3422 2140 3487 bene
2164 3423 2250 3486 rei
2274 3423 2581 3507 gerendae.

181 3508 362 3574 Nam
389 3531 573 3593 quum
603 3510 842 3573 minora
869 3531 932 3572 m
961 3522 1180 3586 castra,
1212 3508 1413 3594 operis
1442 3506 1848 3593 perspiciendi
1877 3509 2112 3587 caussa,
2149 3508 2428 3588 venisset,
2453 3510 2584 3575 ani-

185 3594 522 3659 madvertit
550 3595 787 3673 collem,
818 3594 923 3678 qui
952 3596 1032 3657 ab
1056 3594 1330 3657 hostibus
1357 3594 1697 3673 tenebatur,
1741 3593 2040 3657 nudatum
2084 3594 2450 3673 hominibus,
2482 3593 2585 3678 qui

186 3681 610 3766 superioribus
651 3682 864 3744 diebus
904 3679 1012 3743 vix
1054 3700 1185 3765 prae
1230 3678 1613 3743 multitudine
1656 3678 1823 3742 cerni
1865 3691 2153 3764 poterat
2209 3679 2671 3757 Admiratus,40

183 3767 424 3852 quaerit
443 3788 525 3829 ex
547 3766 819 3850 perfugis
841 3787 1140 3844 caussam,
1166 3786 1422 3850 quorum
1450 3783 1708 3847 magnus
1734 3763 1814 3827 ad
1842 3785 1981 3827 eum
2054 3764 2281 3829 uotidie
2303 3784 2588 3827 numerus

184 3851 565 3916 confluebat.
589 3881 593 3885 -
654 3851 997 3915 Constabat
1023 3851 1182 3915 inter
1210 3871 1440 3929 omnes,
1472 3848 1639 3951 quod
1655 3850 1792 3932 jam
1821 3848 1952 3934 ipse
2044 3871 2203 3914 oesar
2234 3870 2345 3934 per
2372 3847 2589 3933 explo-

150 3950 431 4002 -ratores
455 3950 848 4021 cognoverat,
878 3931 1127 4000 dol-sulii
1156 3957 1286 4000 esse
1324 3936 1453 4020 eius
1468 3935 1614 4019 jugi
1641 3934 1838 4021 prope
1863 3956 2132 4021 aequum,
2177 3934 2283 3999 sed
2323 3933 2592 4000 silvestm

222 4158 226 4161 >
264 4133 339 4179 18.
378 4130 438 4179 Ut
452 4130 597 4179 levem
612 4128 1111 4180 madian-emmeant
1121 4142 1409 4195 pureum
1539 4128 1613 4176 ts.
1640 4125 1920 4190 cabillona]
1956 4125 2259 4175 cavillonum
2274 4139 2359 4174 seu
2375 4124 2678 4173 Cabillonum

219 4194 369 4255 erem]
426 4192 1094 4242 Suntenimcredulissnili.
1169 4192 1411 4242 mn·
1474 4188 2432 4249 ubsndArarim,ffllomm8wne.

174 4210 279 4305 fib.
300 4272 350 4306 v.
372 4256 511 4316 epist.
535 4270 571 4305 ι.
1528 4254 1611 4301 84.
1649 4250 2011 4312 mnemia
2032 4249 2405 4316 bom’sdinptiq
2440 4249 2551 4297 Non
2572 4258 2679 4297 tan·

1466 4313 1573 4366 ἢ.
1605 4313 1861 4378 judicium,
1895 4313 1982 4364 sed
2024 4312 2383 4374 inquisitionem
2423 4312 2678 4375 significat,

184 4383 262 4433 Ee
286 4380 495 4432 tumidus
523 4380 667 4429 anua
684 4375 1128 4443 ermuini*-
1468 4385 1618 4440 qm
1634 4376 2018 4443 &malint-t
2037 4375 2221 4424 flent.

1528 4438 1613 4491 .-
1642 4435 1746 4503 ᾦα
1765 4437 1994 4505 mojam
2013 4434 2357 4487 amianarum
2376 4451 2399 4485 e
2492 4441 2678 4503 ectum]

265 4509 341 4558 17.
372 4505 635 4567 aridium]
685 4504 753 4552 M.
777 4504 979 4552 Ari-tim
995 4501 1076 4552 bic
1096 4504 1284 4553 videan-
1301 4518 1411 4555 σιω
1472 4503 1773 4569 Ammo
1791 4500 1887 4551 hoc
1906 4495 2257 4559 &nunquam
2279 4500 2423 4549 fuisse
2474 4502 2680 4551 ebellan-

186 4572 265 4619 αἱ
302 4583 447 4631 quem
468 4569 635 4617 set-ibit
657 4568 831 4615 Cicero
862 4567 942 4615 lib.
966 4581 1077 4617 xm.
1100 4568 1237 4627 epist.
1258 4577 1415 4628 Ν
1472 4565 1591 4616 d·-
1609 4561 1839 4622 etnim.
1869 4562 2093 4612 universa
2126 4563 2165 4612 si
2188 4564 2414 4615 adversas
2436 4564 2682 4614 Roma-m
2742 4611 2744 4615 ,

184 4646 348 4693 quam
370 4632 438 4681 ibi
459 4630 647 4681 Aristus
668 4631 857 4682 dicitur.
1473 4628 1817 4681 mmet.
