3059 5050
1242 266 1521 333 LtBER
1560 266 1680 333 111.

1025 360 1031 369 ι

2577 276 2703 336 247

251 417 618 501 Apolloniae,
650 415 1049 497 omnibusque
1078 435 1159 498 op
1205 414 1319 477 idis
1344 416 1658 478 maritimis
1681 415 2089 492 constituerat,
2119 428 2187 478 ut
2213 436 2380 479 mare
2410 417 2625 481 Caesa-

254 525 380 565 rem
412 503 660 565 transire
689 500 1056 585 prohiberet.

1191 501 1296 581 jus
1325 501 1411 561 rei
1439 500 1652 561 caussa
1682 500 1845 561 omni
1875 499 1985 562 ora
2029 501 2331 563 maritima
2375 502 2625 564 classem

254 587 648 669 disposuerat.
736 583 1016 646 Proeerat
1042 581 1355 728 Εςγὲῑὶὶε
1406 585 1661 646 navibus
1712 583 2042 667 Pompeius
2084 584 2280 664 filius3
2321 586 2623 664 Asiatici5‚

251 668 336 731 D.
369 669 601 732 Laelius
630 682 690 732 et
719 668 799 732 C.
828 665 1108 729 Triarius
1132 689 1150 745 ;

1245 668 1488 749 yriacis‚

1543 667 1620 730 C.
1675 667 1968 747 Cassius;
2011 667 2294 746 Rhodiis,
2348 669 2426 733 C.
2455 670 2625 733 Mar-

251 753 437 815 cellus
466 775 605 815 cum
637 752 715 815 C.
750 751 1035 835 Coponio
1047 750 1470 895 &Liburnicae
1500 765 1680 833 atque
1703 752 1995 814 Achaica?
2042 753 2237 829 classi,
2269 753 2623 817 Scribonius
2666 760 2708 815 5

253 836 422 901 Libo
447 850 508 899 et
535 835 626 899 Μ.
653 837 962 899 Octavius·

254 923 401 982 situs
431 936 650 984 cuncta
681 920 1150 984 administrabat.

1109 836 1192 896 oti
1224 848 1421 897 tamen
1448 837 1650 898 officio
1670 837 1973 898 maritimo
1990 835 2081 898 Μ.
2102 835 2361 898 Bibulus
2385 859 2624 922 praepo-

1236 919 1339 981 Ad
1367 920 1528 982 hunc
1555 942 1789 983 summa
1815 921 2050 1003 imperii
2082 921 2456 1004 respiciebat.

340 1004 454 1067 VI.
502 1005 735 1082 Caesar,
766 1006 843 1067 ad
873 1003 1262 1065 Brundisium
1294 1004 1476 1081 venit,
1524 1006 1918 1069 concionatus
1971 1006 2129 1088 apud
2186 1006 2417 1082 milita,
2472 1028 2622 1088 quo-

253 1091 418 1151 niam
449 1090 640 1173 prope
695 1090 771 1165 ad
801 1089 980 1150 finem
1009 1087 1285 1149 laborum
1317 1109 1388 1149 ac
1432 1090 1833 1172 periculorum
1864 1102 2017 1151 esset
2044 1104 2414 1172 perventum,
2445 1112 2625 1173 aequo

255 1174 460 1235 auimo
489 1174 790 1256 mancipia
835 1185 1013 1254 atque
1044 1172 1475 1254 impedimenta
1513 1174 1574 1234 iu
1604 1172 1784 1235 Italia
1812 1174 2245 1256 relinquerent:
2290 1167 2403 1258 ipsi
2440 1181 2708 1259 expe-10

253 1258 362 1323 diti
390 1278 571 1319 naves
601 1257 1087 1333 conscenderent,
1113 1277 1234 1337 quo
1266 1258 1460 1340 major
1511 1278 1792 1319 numerus
1843 1258 2095 1321 militum
2129 1273 2328 1342 posset
2355 1261 2625 1343 imponi;

251 1342 572 1423 omniaque
600 1363 678 1403 ex
706 1341 964 1417 victoria
991 1357 1051 1402 et
1078 1361 1157 1402 ex
1204 1340 1314 1402 sui}⁴
1365 1341 1721 1404 liberalitate
1751 1357 2075 1426 sperarent.

2164 1342 2625 1406 Conclamanti·

167 1496 170 1499 ,
253 1426 362 1505 bus
418 1427 716 1503 omnibus,
770 1426 850 1486 im
936 1438 1094 1486 raret
1146 1426 1309 1506 quod
1367 1426 1583 1504 vellet3
1626 1428 2026 1509 quodcunque
2074 1429 2500 1512 imperavisset,
2561 1450 2625 1491 se

250 1532 429 1593 aequo
459 1512 663 1573 animo
683 1532 809 1572 esse
859 1524 1101 1573 acturos
1125 1531 1144 1587 3
1231 1510 1380 1571 ridie
1403 1508 1466 1571 N
1469 1532 1569 1573 on.
1598 1510 1851 1575 Januar.
1873 1533 2056 1575 naves
2086 1513 2281 1591 solvit,
2308 1513 2620 1598 impositis,

253 1608 318 1661 ut
345 1618 526 1678 supra
554 1596 1023 1657 demonstratum
1049 1608 1160 1671 est,
1209 1595 1527 1675 egiouibus
1579 1617 1694 1658 vn.

1781 1595 2084 1659 Postridie
2136 1610 2351 1660 terram
2401 1599 2707 1680 attiguus

251 1678 696 1741 Cerauniorum
727 1700 879 1741 saxa
901 1679 1055 1741 iuter
1085 1694 1143 1740 et
1190 1678 1309 1739 alia
1340 1678 1475 1740 loca
1501 1680 1858 1761 periculosa,
1884 1682 2143 1763 quietam
2174 1699 2385 1744 nactus
2416 1684 2621 1745 statio-

250 1785 389 1825 nem
414 1786 429 1824 :
474 1777 533 1825 et
561 1777 770 1847 portus
800 1784 1007 1825 omnes
1036 1763 1268 1838 timens,
1299 1785 1450 1843 quos
1482 1765 1665 1826 teneri
1697 1767 1775 1826 ab
1817 1766 2172 1827 adversariis
2197 1766 2621 1843 arbitrabatur,

253 1849 334 1911 ad
357 1869 492 1910 eum
524 1848 724 1910 locum
755 1847 857 1929 qui
888 1847 1224 1930 appellatur
1248 1845 1597 1925 Pharsalus,
1628 1851 1908 1911 omnibus
1932 1850 2185 1912 navibus
2213 1852 2291 1912 ad
2323 1871 2505 1911 uuam
2529 1852 2619 1912 in-

251 1932 608 2010 comminus,
647 1932 860 1994 milites
890 1930 1186 2015 exposuit.

251 2120 404 2168 ltalia.
469 2120 766 2178 Epidamnus
788 2126 947 2166 autem
983 2118 1329 2176 inauspicatum
1362 2133 1447 2163 no-

252 2198 360 2229 men
399 2181 508 2228 cum
529 2183 743 2238 haberet,
768 2181 878 2226 illud
904 2180 1107 2226 Romani
1131 2189 1444 2235 mutaverunt,

251 2254 299 2291 et
331 2245 684 2305 Dyrrhachium
716 2245 952 2289 dixerunt.

321 2307 359 2352 l.
404 2305 700 2367 Apuliam]
752 2305 1025 2363 Apollonia,
1069 2311 1190 2350 teste
1225 2302 1382 2349 Plinio
1418 2303 1448 2351 ὶ

252 2369 374 2414 mari
398 2370 530 2414 abest
563 2381 652 2414 vu.
683 2367 887 2413 millibus
925 2380 1169 2426 passuum,
1201 2374 1366 2425 estque
1385 2367 1447 2411 -in

251 2429 553 2478 Macedonia.
618 2431 675 2475 A.
709 2429 960 2475 Marciano
1003 2428 1293 2474 Heracleote
1331 2428 1446 2474 dici-

254 2502 332 2538 tur
355 2492 500 2538 fuisse
532 2505 619 2551 per
653 2491 927 2538 Corinthios
960 2499 1008 2537 et
1032 2491 1312 2551 Corcyrmos
1334 2504 1446 2537 con·

254 2556 372 2600 dita.
436 2555 648 2602 Duorum
669 2553 852 2600 dierum
874 2553 1042 2600 itinere
1063 2556 1200 2600 abest
1235 2555 1298 2600 ab
1330 2554 1445 2612 Epi·

255 2617 449 2671 damno,
480 2614 509 2662 ὶ
540 2615 659 2662 mari
696 2625 855 2662 autem
887 2616 1054 2663 stadiis
1085 2629 1131 2662 ι..
1163 2625 1213 2661 ut
1246 2624 1446 2662 testatiu-

257 2678 434 2738 Scylax
467 2678 816 2738 antiquissimus
838 2678 1043 2737 scriptor
1057 2692 1072 2736 ;
1106 2685 1157 2724 ut
1179 2676 1290 2724 vero
1314 2678 1443 2724 Stra·

254 2743 335 2795 bo,
363 2754 438 2787 ωε.

314 2805 360 2848 4.
409 2802 472 2848 D.
494 2801 667 2851 latinu
700 2806 742 2849 el
779 2802 831 2848 C.
876 2801 1123 2863 marim]
1177 2803 1318 2849 Hunc
1343 2803 1443 2850 Le·

253 2864 368 2910 lium
405 2873 451 2910 et
473 2865 708 2918 Triarium
733 2866 906 2911 Cicero
929 2865 1174 2922 loquentes
1196 2865 1374 2911 inducit
1396 2866 1444 2910 in

252 2928 333 2974 lib.
355 2928 415 2972 de
438 2927 650 2972 Finibus.
715 2927 901 2981 Laelius,
939 2937 1058 2972 teste
1100 2927 1335 2983 Appiano,
1368 2927 1447 2971 lib.

255 3004 323 3039 tv.
361 2989 680 3035 triumviratus
717 2997 931 3046 tempore
952 2988 980 3034 a
1003 2988 1226 3033 militibus
1250 2988 1447 3033 Arabio-

254 3051 330 3096 uis
353 3051 478 3109 regis
501 3050 547 3095 in
572 3048 733 3096 Africa
763 3050 1037 3095 interfectus
1066 3057 1155 3093 est.
1217 3048 1291 3095 Dc
1314 3049 1446 3095 Tria·

255 3112 329 3158 rio
353 3112 493 3157 infra.

321 3173 389 3219 lb.
429 3173 644 3234 Cassius]
689 3173 783 3219 Hic
806 3187 926 3218 unus
965 3174 1025 3218 de
1063 3173 1448 3219 interfectoribus

256 3235 463 3281 Caesaris
488 3236 591 3291 fuit,
613 3245 660 3281 et
684 3235 811 3293 apud
832 3234 1075 3293 Philippos
1089 3233 1280 3292 propria
1301 3248 1446 3281 manu

253 3307 646 3420 peiff'modiiq
687 3358 883 3405 Rhodus
907 3358 1050 3404 maris
1076 3358 1325 3416 Carpathii
1347 3359 1445 3405 cla-

255 3420 440 3468 rissima
463 3421 633 3477 insula,
650 3419 678 3468 a
699 3421 837 3467 Rosis
861 3420 1006 3476 dicta,
1027 3420 1162 3480 cujus
1180 3421 1343 3467 incola·
1357 3421 1446 3467 viri

255 3485 444 3529 suerunt
478 3483 668 3540 nautici,
699 3491 746 3528 et
779 3482 848 3528 rei
882 3484 1128 3530 maritimae
1161 3482 1445 3541 peritissimi.

255 3545 453 3604 Equites
474 3548 624 3592 sancti
645 3546 865 3601 Joannis,
899 3553 1148 3606 postquam
1170 3559 1277 3591 eam
1302 3545 1444 3592 Sara-

253 3608 384 3652 cenis
406 3607 707 3664 ademi-ssent,
724 3608 769 3653 in
794 3622 852 3655 ea
876 3609 1013 3654 sedes
1035 3621 1145 3652 suas
1166 3617 1443 3665 posueruut,

254 3669 424 3727 quibus
465 3684 622 3715 rursus
669 3670 972 3716 solimannus
1014 3670 1279 3716 Turcarum
1322 3668 1442 3728 Imp.

253 3730 427 3787 eripuit
446 3746 555 3777 ann.
578 3732 754 3777 Christi
781 3747 977 3779 nnxxu.

313 3794 359 3838 ὃ.
412 3793 530 3840 Cum
557 3793 609 3840 C.
637 3794 874 3854 Coponio]
924 3794 1124 3841 Frustra
1158 3794 1336 3840 habent
1358 3794 1440 3840 ali·

250 3869 346 3914 qua
368 3855 660 3914 exemplaria
678 3855 950 3917 Pomponio.
1014 3856 1187 3903 Cicero
1210 3865 1341 3902 certe
1363 3855 1452 3907 lib..

253 3933 285 3964 ι.
319 3919 380 3963 de
402 3916 704 3964 Divinatione
726 3919 887 3972 scribit
908 3919 995 3965 sibi
1017 3921 1081 3965 ad
1102 3927 1263 3964 castra
1301 3918 1440 3965 Pom·

248 3981 342 4038 peii
367 3979 629 4026 transeunti
652 3978 836 4028 obviam
859 3981 977 4028 itum
996 3996 1099 4027 esse
1114 3996 1221 4026 cum
1239 3981 1440 4026 navibus

247 4041 448 4088 Rhodiis
481 4041 510 4089 a
547 4043 602 4087 C.
642 4042 877 4100 Coponio,
914 4041 951 4088 is
989 4051 1163 4101 praetor
1195 4044 1351 4088 suerat
1383 4042 1439 4087 C.

249 4102 480 4150 Marcello
502 4111 551 4150 et
573 4104 773 4150 Lentulo
795 4119 918 4150 coss.
938 4111 992 4149 ut
1012 4113 1143 4163 patet
1166 4119 1225 4150 ex
1240 4101 1439 4163 epistola

245 4165 463 4224 Pompeii
501 4180 604 4224 quae
637 4166 835 4212 babetur
856 4166 1064 4213 liberm.
1097 4167 1234 4224 epist.
1272 4166 1342 4213 17.
1378 4166 1440 4211 ad

247 4227 472 4273 Atticum.
535 4227 581 4274 Is
614 4231 823 4285 tandem,
845 4237 896 4272 ut
921 4227 1166 4286 Appianus
1191 4229 1338 4273 refert
1359 4228 1439 4273 lib.

245 4303 313 4336 lv.
336 4289 363 4335 a
384 4290 638 4335 triumviris
655 4290 966 4347 proscriptus,
989 4289 1149 4334 uxoris
1172 4287 1318 4347 opera
1342 4304 1438 4334 ser·

242 4360 382 4396 vatus
416 4360 503 4406 est,
535 4365 638 4409 quas
661 4351 835 4409 pudica
855 4349 962 4395 licet
985 4359 1032 4397 ct
1054 4360 1205 4406 casta,
1229 4350 1439 4397 Antonio

241 4421 421 4467 tamen,
438 4412 662 4472 pudicitia
677 4410 933 4470 prostrata,
951 4412 1094 4457 vitam
1111 4412 1308 4458 redemit
1324 4427 1436 4458 con·

262 4489 289 4518 u
328 4490 381 4519 ts.

233 4490 258 4534 J
293 4491 372 4582 girb-
407 4535 710 4596 Liburnicae.]
747 4534 977 4580 Liburnia
1007 4548 1117 4592 pars
1148 4545 1218 4581 cst
1242 4533 1437 4582 Dalma-

237 4599 332 4654 tim,
352 4597 397 4643 in
417 4596 509 4656 quii
533 4612 682 4656 genus
707 4597 839 4641 navis
862 4597 1025 4642 celeris
1055 4605 1103 4643 et
1134 4597 1248 4641 levis
1272 4599 1434 4644 inven-

236 4671 357 4716 tum,
378 4674 483 4720 quae
521 4657 784 4705 Liburnicas
816 4658 953 4704 dictae
990 4667 1097 4708 sunt
1121 4673 1282 4715 nares,
1319 4674 1433 4717 qua·

1510 2132 1708 2177 rumque
1732 2134 1842 2165 usus
1859 2119 2071 2176 invaluit,
2086 2128 2338 2177 postquam
2353 2118 2593 2177 magnoin
2611 2120 2699 2167 Ac—

1510 2180 1635 2287 tiaga
1652 2180 1825 2303 ffig'?
1840 2183 2116 2290 δὶυὶξὶιΐεο
2137 2183 2381 2241 cognitum
2401 2189 2488 2227 est.

1738 2259 1778 2289 ο.
1979 2258 1991 2287 ι
2056 2257 2119 2288 ne
2139 2258 2193 2288 su
2230 2258 2299 2289 ra.

1573 2305 1640 2350 lb.
1695 2306 1762 2351 M.
1821 2304 2072 2366 Octavium]
2120 2258 2232 2357 Qui}
2287 2303 2428 2350 suerit
2480 2305 2696 2352 nescitur.

1513 2366 1657 2414 Certe
1687 2369 1749 2413 de
1782 2382 1839 2413 eo
1872 2369 2072 2425 posthac
2110 2376 2279 2426 agetur
2301 2368 2348 2412 in
2371 2367 2453 2413 lib.
2483 2369 2545 2414 de
2578 2366 2704 2414 bello

1511 2428 1854 2484 Alexandrino,
1877 2429 1956 2475 ubi
1988 2428 2016 2477 ὲ
2038 2429 2228 2475 Vatinio
2251 2437 2500 2486 superamus
2523 2439 2607 2476 est.

1572 2491 1639 2538 lb.
1672 2492 1740 2539 M.
1765 2490 1997 2553 Bibulus]
2035 2491 2236 2538 Cir-saris
2260 2492 2307 2537 in
2330 2492 2576 2538 consulatu
2606 2492 2700 2539 col·

1509 2554 1619 2613 lega
1641 2555 1813 2610 suerat,
1843 2569 1972 2599 anno
1996 2555 2053 2600 U.
2091 2554 2147 2599 C.
2172 2561 2382 2610 πείσω
2417 2556 2498 2600 sed
2520 2553 2626 2601 cum
2649 2569 2705 2601 se

1509 2617 1689 2663 Caesari
1727 2616 1881 2678 legem
1918 2616 2171 2677 Agl-ariam
2208 2617 2530 2677 promulganti
2550 2632 2699 2676 oppo-

1509 2689 1662 2734 neret,
1704 2682 1765 2725 ab
1802 2692 1860 2724 eo
1897 2677 2017 2737 peni.¹
2051 2677 2137 2724 suit
2176 2678 2469 2736 interfectus,
2506 2689 2701 2739 totoque

1507 2741 1777 2788 consulatus
1802 2751 2013 2799 tempore
2030 2756 2081 2787 se
2097 2741 2225 2786 domi
2239 2741 2486 2796 continuit,
2503 2743 2699 2800 foroque

1507 2803 1689 2849 caruit:
1740 2803 1876 2850 Unde
1904 2803 2045 2864 jocus
2066 2805 2355 2848 urbanorum
2378 2804 2699 2860 scribentium,

1507 2881 1605 2910 nou
1647 2866 1827 2913 Caesare
1862 2870 1905 2911 ct
1944 2866 2131 2920 Bibulo,
2174 2866 2259 2910 sed
2293 2864 2486 2912 Jaaelioot
2522 2866 2706 2913 (ἔωσι

1515 2926 1802 2973 Consulibus.
1866 2926 2003 2972 Unde
2025 2936 2073 2973 et
2094 2927 2141 2972 hi
2162 2941 2355 2972 versus:

1572 3049 1684 3096 Non
1714 3049 1886 3097 Bibulo
1929 3048 2171 3113 quicquam
2208 3061 2373 3111 nuper,
2401 3048 2479 3095 sed
2524 3050 2698 3097 (ἔωσι-ε
2731 3088 2735 3092 .

1633 3111 2075 3236 Νιζὲιᾰῖῖῖὶαιῖιξῖᾖινί
2093 3171 2277 3220 cannae
2297 3170 2368 3219 nit
2388 3171 2594 3220 membri.

1575 3297 1646 3342 16.
1684 3295 2059 3355 Cerauniorum]
2095 3295 2357 3342 Ceraunios
2394 3297 2479 3343 hos
2511 3304 2651 3343 vocat
2671 3295 2703 3345 ὶ

1509 3357 1771 3404 Coerauniis
1795 3367 1875 3405 aut
1899 3358 2259 3405 Acrocerauniis
2279 3359 2531 3416 montibus,
2547 3359 2629 3419 qui
2651 3359 2698 3405 in

1510 3419 1589 3466 ina
1612 3421 1745 3478 Epiri
1768 3429 1904 3479 parte
1927 3429 2178 3480 apparent,
2205 3421 2383 3467 crebris
2407 3420 2697 3480 tempestati-

1509 3485 1596 3528 bus
1614 3484 1829 3529 insames.
1894 3483 2025 3544 virg.
2044 3484 2120 3528 lib.
2140 3496 2214 3530 111.
2231 3482 2416 3530 AEneid.

1567 3606 1870 3656 Provehimur
1884 3605 2047 3669 pelagi
2067 3606 2218 3654 υἰοὲηα
2239 3606 2473 3655 Carmania
2482 3607 2644 3671 jttoeea.

1505 3730 1596 3777 Ubi
1622 3730 1839 3777 Servius:
1876 3731 1993 3778 Suu!
2014 3735 2187 3779 montes
2209 3729 2347 3792 Epiri
2366 3727 2399 3776 ὰ
2420 3730 2584 3778 crebris
2593 3728 2694 3792 ful-

1504 3793 1704 3840 minibus
1856 3807 1906 3840 er
1919 3792 2210 3841 altitudinem
2232 3791 2460 3839 nominati
2471 3806 2492 3848 ,·
2661 3794 2675 3808 ¹

1504 3857 1630 3902 enim
1671 3857 1836 3901 Graece
1898 3855 2067 3902 ulmea.
2130 3854 2221 3901 Est
2243 3854 2304 3900 ibi
2326 3852 2432 3899 finis
2454 3853 2571 3900 lonii
2599 3869 2698 3901 ms·

1504 3918 1583 3964 ris.
1645 3917 1843 3975 Quicqui
1920 3918 2046 3962 enim
2080 3918 2189 3964 inde
2232 3918 2296 3962 ad
2340 3915 2695 3973 Septentriones

1503 3981 1724 4039 pertinet,
1748 3980 1896 4026 Adria
1916 3980 2127 4042 dicitur„
2164 3977 2403 4025 Dicuntur
2423 3976 2565 4038 vulgo
2588 3976 2694 4025 Chi·

1500 4041 1739 4088 mariana.

1529 4099 1537 4104 ⁴
1572 4105 1641 4149 18.
1674 4102 1961 4163 Pharsalum]
1996 4103 2105 4150 Non
2126 4109 2197 4148 est
2220 4100 2352 4147 locus
2390 4101 2485 4157 ille,
2522 4100 2570 4146 in
2602 4114 2695 4158 que

1502 4172 1671 4223 postca
1710 4166 1770 4210 de
1808 4163 1993 4211 summa
2014 4179 2173 4210 rerum
2196 4162 2472 4209 dimicatum
2493 4170 2581 4218 est,
2614 4163 2695 4219 qui

1502 4227 1644 4272 estin
1668 4226 1926 4273 Thessalia.
1992 4228 2107 4282 Sed,
2138 4224 2175 4271 si
2216 4226 2412 4273 Lucano
2442 4222 2694 4278 credimus,

1501 4297 1547 4334 et
1587 4288 1749 4346 quidni
1780 4289 2050 4343 credamus,
2083 4286 2226 4345 quam
2269 4286 2489 4344 cuiquam
2523 4285 2692 4346 magis,

1501 4350 1885 4410 quandoquidem
1922 4350 2046 4396 ratio
2088 4347 2311 4396 carminis
2349 4360 2558 4393 errorem
2597 4363 2691 4394 non

1501 4411 1725 4468 admittit,
1761 4410 1894 4457 locus
1928 4411 2005 4457 ine
2035 4409 2248 4460 Palatua
2268 4409 2342 4454 vel
2365 4408 2546 4457 Palosis
2567 4411 2692 4457 dice·

1501 4476 1671 4520 batur:

1730 4653 1734 4658 ἢ
1947 4595 2193 4657 fluctuque
2212 4594 2405 4642 secundo

1594 4658 1744 4719 Lapsa
1761 4655 2019 4705 Palestinae
2036 4658 2169 4705 unsis
2185 4655 2379 4722 confixit
2401 4671 2576 4706 areatas.
