3059 5050
373 299 493 359 356
1364 294 1442 356 Α.
1488 287 1782 357 HIRTn

455 453 516 501 et
544 451 753 521 postea
780 459 843 500 se
871 438 950 501 ad
994 438 1350 522 Pompeium
1389 418 1752 520 contulerat3
1819 440 1958 503 inde
1980 438 2062 504 'ex
2108 437 2322 541 praelio
2351 438 2675 522 effug-eran
2748 440 2828 508 in

454 523 846 605 Africamque
892 525 969 586 ad
1012 523 1242 585 Varum
1291 538 1554 586 venerat.
1641 524 1840 606 Quem
1886 527 1967 587 ob
2009 526 2329 609 perjurium
2453 527 2828 609 rfidiamque

458 606 676 669 Caesar
693 608 873 688 jussit
897 608 1116 669 necari.
1205 606 1280 669 P.
1309 607 1550 670 Vestrio
1575 624 1793 685 autem,
1824 609 1984 691 quod
2014 611 2139 692 ejus
2168 610 2348 672 frater
2376 547 2596 672 ἔσηπε
2625 633 2826 693 pecn-

458 692 621 753 niam
671 692 1018 776 imperatam
1074 707 1508 769 numeraverat,
1553 708 1613 755 et
1658 694 1826 776 quod
1868 694 1995 778 ipse
2039 715 2206 756 suam
2250 715 2520 756 caussam
2569 694 2821 757 Caesari

374 781 415 838 5
460 778 839 859 probaverat,
870 797 931 837 se
960 776 1020 837 N
1025 776 1198 838 asidii
1223 775 1413 837 classe
1436 790 1700 860 captum,
1725 800 1908 860 quum
1935 780 2013 842 ad
2042 798 2247 840 necem
2273 779 2606 855 duceretur,
2631 781 2826 842 bene-

459 862 601 923 ficio
634 859 779 921 Vari
821 881 949 922 esse
979 874 1295 937 servatum,
1328 873 1537 943 postea
1582 862 1923 925 facultatem
1953 865 2066 926 sibi
2095 862 2322 925 nullam
2352 864 2554 925 datam
2585 877 2826 927 transe-

448 945 623 1019 undi,
663 944 913 1024 ignovit.
1530 988 1544 1001 .

542 1026 743 1089 LXV.
791 1028 905 1090 Est
934 1030 995 1091 in
1026 1029 1233 1091 Africa
1262 1032 1632 1094 consuetudo
1661 1032 2013 1111 incolarum,
2044 1045 2108 1094 ut
2137 1032 2200 1093 in
2228 1032 2410 1113 agris,
2441 1046 2500 1093 et
2528 1033 2590 1093 in
2621 1033 2827 1093 omni-

455 1114 566 1174 bus
595 1112 717 1174 sere
750 1113 923 1189 villis,
969 1115 1080 1175 sub
1129 1128 1285 1176 terra
1310 1136 1359 1175 ·s
1475 1137 1563 1191 uS,
1594 1117 1892 1179 condendi
1935 1116 2213 1178 frumenti
2262 1116 2478 1197 gratia,
2509 1116 2663 1178 clam
2711 1118 2826 1179 ha-

381 1199 655 1273 mbeant,
687 1211 864 1278 atque
895 1199 956 1261 id
986 1212 1229 1282 propter
1275 1200 1350 1261 be
1396 1222 1434 1261 a
1464 1200 1750 1277 maxime,
1782 1202 2156 1283 hostiumque
2203 1202 2461 1262 subitum
2491 1201 2824 1263 adventum

457 1296 820 1366 praeparent.
894 1283 1037 1366 Qua
1065 1284 1141 1344 de
1168 1305 1235 1344 re
1257 1283 1473 1346 Caesar
1501 1287 1720 1348 certior
1744 1308 1852 1370 per
1882 1286 2136 1348 indicem
2171 1284 2380 1363 sactuS,
2410 1284 2584 1347 tertia
2608 1285 2827 1367 vigilia

453 1367 726 1448 legiones
757 1388 829 1429 11.
860 1388 997 1429 cum
1022 1368 1291 1449 equitatu
1320 1369 1498 1431 mittit
1520 1370 1559 1432 a
1587 1371 1795 1432 castris
1825 1371 1947 1433 suis
1970 1370 2159 1432 millia
2182 1390 2464 1452 passuum
2495 1392 2590 1448 x.;
2638 1384 2826 1451 atque

456 1451 597 1514 inde
623 1473 848 1533 magno
879 1473 1130 1514 numero
1159 1452 1437 1515 frumenti
1468 1468 1712 1516 onustas
1740 1455 1965 1538 recepit
1991 1455 2051 1517 in
2081 1471 2297 1516 castra.
2371 1453 2612 1536 Quibus
2641 1458 2823 1516 rebus

456 1536 715 1618 cognitis
761 1535 1068 1599 Labienus
1115 1559 1467 1621 progressus
1497 1540 1535 1601 a
1569 1541 1690 1601 suis
1733 1539 1943 1602 castris
1986 1539 2173 1601 millia
2218 1560 2499 1622 passuum
2547 1560 2661 1601 vu.
2712 1561 2823 1621 per

378 1622 664 1703 l5jngum
696 1634 754 1683 et
777 1620 1014 1699 collem,
1040 1643 1147 1705 per
1170 1643 1345 1704 quem
1372 1622 1589 1685 Coesar
1611 1625 1805 1707 pridie
1827 1625 1939 1686 iter
1965 1623 2209 1700 fecerat,
2232 1623 2316 1684 ibi
2340 1634 2539 1685 castra
2559 1624 2819 1686 duarum

457 1706 763 1788 legionum
812 1706 998 1785 facit3
1054 1720 1235 1790 atque
1279 1707 1366 1769 ibi
1409 1709 1538 1791 ipse
1580 1709 1846 1792 quotidie
1888 1709 2235 1771 existimans
2265 1705 2574 1772 Coesarem
2605 1709 2817 1770 eadem

456 1812 618 1875 saepe
664 1790 1063 1854 frumentandi
1114 1792 1315 1874 gratia
1341 1807 1836 1869 commeatui-um,
1865 1815 2004 1855 cum
2033 1814 2261 1875 magno
2288 1792 2555 1875 equitatu
2582 1793 2820 1875 levique

456 1876 763 1938 armatura
792 1876 1177 1938 insidiaturus
1207 1876 1353 1939 locis
1384 1878 1615 1940 idoneis
1638 1879 1927 1941 consedit.

540 1958 780 2023 LXVI.
815 1959 1032 2023 Caesar
1054 1962 1289 2024 interim
1321 1962 1396 2024 de
1426 1963 1656 2025 insidiis
1685 1962 1943 2025 Labieni
1973 1984 2048 2025 ex
2076 1960 2339 2045 perfugis
2362 1962 2578 2024 certior
2608 1960 2816 2039 factm,

371 2049 683 2144 ssopaucos
720 2046 848 2107 dies
893 2047 976 2108 ibi
1021 2061 1445 2123 commotum,
1490 2048 1634 2109 dum
1681 2048 1878 2109 hostes
1923 2047 2278 2130 quotidiano
2321 2046 2608 2123 instituto,
2655 2068 2818 2129 saepe

457 2132 614 2194 idem
661 2130 959 2207 saciend0,
1008 2133 1071 2192 in
1119 2131 1550 2212 negligentiam
1604 2133 2057 2208 adducerentur,
2107 2130 2305 2194 subito
2353 2152 2530 2193 mane
2562 2132 2818 2214 imperat

456 2215 631 2299 porti
659 2214 1018 2278 Decumana
1039 2216 1309 2299 legiones
1335 2237 1397 2278 se
1425 2237 1569 2279 viu.
1599 2231 1914 2279 veteranas
1936 2236 2072 2278 cum
2106 2229 2275 2314 parte
2298 2215 2596 2298 equitatus
2619 2217 2812 2298 sequi:

456 2315 518 2362 at
560 2322 654 2378 ue,
684 2300 982 2383 equitibus
1007 2300 1350 2384 praemissis,
1380 2322 1575 2383 neque
1605 2303 1919 2385 opinantes
1947 2301 2324 2363 insidiatores
2355 2300 2548 2364 subito
2579 2301 2641 2363 in
2669 2322 2816 2362 con-

455 2322 712 2447 va‘llibus
740 2385 988 2448 latentes
1019 2386 1138 2447 levi
1167 2387 1474 2448 armatura
1496 2388 1762 2450 concidit
1784 2387 2025 2449 circiter
2047 2407 2112 2448 n.
2194 2384 2488 2467 Reliquos
2517 2387 2580 2447 in
2609 2385 2816 2468 fugam

374 2471 856 2556 25turpissimam
903 2472 1181 2555 conjecit.
1268 2470 1516 2535 Interim
1562 2471 1871 2536 Labienus
1914 2492 2053 2534 cum
2097 2470 2376 2533 universo
2416 2470 2684 2554 equitatu
2727 2470 2817 2533 su-

457 2557 757 2638 gientibus
781 2558 900 2618 suis
926 2558 1229 2640 suppetias
1253 2559 1531 2620 occurrit.
1602 2557 1797 2639 Cujus
1819 2558 1941 2619 vim
1969 2556 2360 2618 multitudinis
2386 2577 2570 2639 quum
2595 2557 2817 2637 equites

456 2641 635 2722 pauci
668 2640 1009 2702 Caesariani
1024 2643 1158 2723 jam
1189 2642 1477 2703 sustinere
1505 2664 1628 2704 non
1660 2656 1920 2725 possent,
1945 2641 2164 2704 Caesar
2192 2640 2507 2703 instructas
2551 2641 2818 2723 legiones

456 2725 715 2786 hostium
746 2724 938 2806 copiis
967 2725 1243 2786 ostendit.
1332 2725 1476 2807 Quo
1504 2726 1666 2788 sacto
1697 2728 2008 2809 perterrito
2039 2725 2335 2803 Labieno,
2381 2747 2455 2788 ac
2499 2726 2817 2801 retardato,

456 2831 595 2871 suos
637 2808 865 2890 equites
894 2811 1119 2894 recepit
1163 2809 1527 2874 incolumes..
1604 2810 1861 2873 Postero
1890 2812 1989 2874 die
2014 2809 2182 2873 Juba
2208 2810 2507 2873 Numidas
2549 2832 2673 2887 eos,
2719 2810 2817 2893 qui

373 2894 591 2957 Soloco
622 2895 842 2956 amisso
872 2894 1020 2977 fuga
1048 2916 1111 2957 se
1140 2911 1488 2979 receperant
1516 2896 1578 2958 in
1609 2910 1825 2974 castra,
1852 2898 1912 2958 in
1937 2917 2117 2958 cruce
2147 2917 2352 2958 omnes
2382 2895 2623 2958 suffixit.

539 2978 809 3043 LXVII.
884 2979 1102 3042 Caesar
1131 2981 1391 3058 interim,
1423 2984 1710 3064 quoniam
1741 2982 2019 3044 frumenti
2049 2982 2256 3064 inopia
2326 2982 2686 3054 remebatur‚
2716 3002 2818 3041 co-

455 3067 589 3149 pias
613 3071 821 3129 omnes
846 3067 906 3127 in
932 3078 1132 3128 castra
1157 3067 1478 3145 conducit3
1523 3082 1703 3150 atque
1726 3068 2012 3150 praesidio
2038 3065 2235 3150 Lepti,
2257 3003 2576 3149 Ifuspinae„
2607 3064 2817 3128 Aciuae

456 3152 686 3228 relicto,
718 3151 953 3234 Cispio,
985 3151 1347 3233 Aquilaeque
1376 3152 1566 3214 classe
1608 3153 1919 3228 transdita,
1951 3164 2016 3213 ut
2045 3152 2194 3213 alter
2221 3151 2642 3227 Adrumetum‚
2674 3148 2820 3214 alter

457 3233 776 3320 Thapsum
809 3238 959 3298 mari
991 3237 1350 3311 obsiderent,
1382 3237 1509 3319 ipse
1538 3239 1746 3299 castris
1775 3236 2049 3311 incensis,
2089 3257 2173 3297 tv.
2206 3236 2398 3298 noctis
2428 3233 2660 3317 vigilia,
2692 3234 2818 3296 acie

375 3322 764 3398 35instructa,
796 3321 1236 3403 impedimentis
1266 3322 1326 3383 in
1359 3322 1597 3383 sinistra
1626 3336 1797 3405 parte
1821 3321 2150 3397 collocatis,
2175 3341 2251 3383 ex
2282 3341 2355 3382 eo
2384 3319 2523 3382 loco
2553 3318 2819 3403 proficis-

457 3406 631 3481 citur,
677 3419 736 3466 et
792 3406 1062 3488 pervenit
1109 3406 1189 3467 ad
1232 3406 1524 3488 oppidum
1569 3407 1762 3488 Agar,
1810 3407 1972 3489 quod
2019 3405 2057 3467 a
2101 3404 2375 3468 Gentulis
2433 3425 2596 3488 saepe
2648 3419 2821 3466 antea

457 3503 895 3573 oppugnatum,
944 3490 1295 3571 summaque
1340 3490 1398 3550 vi
1441 3511 1550 3589 per
1594 3492 1759 3637 ipsos
1788 3491 2128 3574 oppidanos
2156 3504 2286 3552 erat
2312 3490 2641 3552 defensum.
2730 3487 2820 3550 Ibi

458 3575 520 3636 in
544 3597 764 3658 campo
788 3574 998 3636 castris
1024 3574 1156 3636 unis
1186 3574 1415 3658 positis,
1439 3596 1570 3658 ipse
1620 3589 2018 3638 rumentatum
2045 3576 2270 3637 circum
2295 3574 2468 3637 villas
2490 3595 2630 3637 cum
2657 3588 2823 3657 parte

457 3661 754 3722 exercitus
798 3660 1116 3743 profectus,
1164 3680 1391 3742 magno
1437 3661 1681 3722 invento
1731 3661 1958 3737 hordei,
2008 3660 2145 3736 olei,
2190 3660 2336 3736 vini,
2385 3659 2483 3721 fici
2531 3679 2818 3735 numer03

374 3749 657 3830 40pauco
686 3746 885 3822 tritici,
917 3759 1097 3827 atque
1134 3759 1400 3806 recreato
1428 3747 1698 3808 exercitu
1727 3745 1905 3807 rediit
1931 3745 1994 3806 in
2023 3759 2239 3807 castra.
2328 3741 2539 3827 Scipio
2564 3744 2817 3817 interim,

457 3832 706 3913 cognito
736 3830 1006 3893 Caesaris
1034 3830 1317 3908 discessu,
1347 3851 1488 3892 cum
1534 3830 1832 3893 universis
1864 3829 2058 3914 copiis
2101 3849 2209 3914 per
2237 3830 2464 3911 jugum
2508 3826 2814 3891 Caesarem

436 4059 482 4103 2.
505 4057 649 4116 Quem
662 4053 716 4101 ob
822 4051 1121 4113 'urium‚8w.]
1172 4053 1424 4100 Afraniani
1439 4053 1569 4100 enirn
1628 4051 1786 4107 hiemi,
1807 4055 1851 4099 d
1871 4048 2209 4123 receptaculum
2211 4048 2254 4110 s
2284 4109 2295 4121 ·
2334 4047 2356 4119 ‘⁶
2440 4082 2468 4120 ·.
2488 4083 2492 4087 >
2514 4108 2525 4119 ⁸

377 4129 427 4166 et
450 4116 685 4165 Petreiani
712 4116 759 4161 in
824 4116 995 4174 ispanii
1020 4114 1077 4161 ea
1093 4123 1230 4161 erant
1245 4115 1352 4176 lege
1369 4114 1567 4171 dimissi,
1697 4116 1765 4160 16.
1797 4115 1943 4176 Atque
1963 4113 2031 4159 tbi
2059 4112 2070 4121 '
2101 4125 2146 4158 se
2167 4115 2274 4173 quot
2387 4114 2659 4157 exiam
2675 4109 2816 4157 Com

379 4193 428 4227 nt
443 4193 611 4240 postea
627 4177 836 4225 neutrius
853 4185 1011 4223 essent
1026 4177 1246 4236 partium.
1281 4177 1359 4223 Sic
1372 4178 1571 4224 Afranio
1631 4190 1731 4223 rem
1745 4175 1903 4223 eadem
1917 4187 2032 4236 ωερε
2258 4171 2370 4219 andi
2379 4171 2540 4233 gratia
2549 4175 2815 4218 commeatu-

377 4251 545 4301 postea
558 4244 719 4288 Caesar
734 4242 794 4286 ob
809 4243 1010 4288 eandem
1023 4254 1216 4285 causam
1234 4254 1328 4286 non
1345 4239 1571 4298 pepercit.
1629 4239 1775 4299 rum]
1813 4237 1941 4284 Male
1957 4244 2161 4294 positum
2182 4234 2251 4280 ibo·
2271 4235 2473 4290 videtur,
2504 4235 2637 4291 qaod
2655 4247 2815 4279 mann·

440 4310 485 4351 8.
520 4306 598 4352 Es!
621 4304 671 4350 t'n
692 4301 856 4367 Africa
884 4302 1172 4357 consuetudo,
1200 4300 1309 4374 ἐκ.)
1382 4302 1489 4349 Hoc
1521 4303 1571 4348 in
1633 4300 1796 4360 scripti
1819 4299 2008 4346 Thmui
2028 4298 2215 4345 codices
2235 4298 2333 4343 duo
2351 4296 2640 4342 ommittont.

378 4367 546 4412 calidis
591 4380 640 4411 re
677 4366 862 4412 ionibus
906 4365 1046 4411 facile
1092 4365 1238 4421 sactu,
1282 4378 1329 4410 m
1346 4363 1571 4411 humidis
1694 4363 1771 4409 33.
1810 4361 1867 4409 Ut
1910 4361 2027 4408 alter
2061 4359 2383 4414 Adrumetina,
2423 4357 2542 4404 alter

379 4426 533 4472 mimis
557 4382 695 4474 faciie
718 4429 792 4474 sit.
858 4425 908 4474 Si
940 4433 1101 4473 tamen
1134 4426 1270 4473 arida
1290 4434 1362 4472 est
1383 4427 1571 4483 humus,
1632 4423 1756 4471 mari
1775 4422 2067 4496 obsiderent]
2103 4421 2180 4468 Ex
2199 4421 2294 4466 fide
2310 4420 2415 4493 Μξ.
2447 4419 2506 4465 R.
2524 4419 2694 4493 innius,
2715 4418 2812 4464 Vic-

379 4488 482 4533 sseri
514 4497 681 4546 potest.
744 4491 879 4542 Quod
901 4497 950 4534 et
970 4489 1159 4536 solitum
1197 4489 1447 4535 Germanis
1484 4503 1572 4535 sno
1632 4486 1858 4542 torini‚et
1879 4498 2110 4543 impressu
2144 4489 2401 4540 pervetusti
2431 4482 2811 4538 caducas,me
2845 4522 2867 4537 ,

380 4558 593 4605 tempore
617 4557 817 4596 testatur
851 4551 1044 4598 Tacitus
1081 4551 1130 4597 in
1174 4551 1295 4597 libro
1326 4552 1385 4596 de
1406 4565 1571 4597 eorum
1633 4547 1867 4595 obsideret.

379 4609 612 4663 morinum
653 4612 805 4658 Solent
821 4617 862 4658 ee
883 4614 1194 4660 subterraneos
1207 4627 1362 4676 spectu
1439 4611 1571 4683 erin,
1695 4612 1772 4656 36.
1802 4607 1970 4670 agon]
2005 4609 2139 4669 Agar
2157 4605 2403 4664 oppidum,
2439 4605 2570 4664 qood
2602 4615 2742 4658 nnnc,
2760 4610 2809 4646 ιι

379 4681 538 4730 eooqtoe
559 4669 704 4717 ”tulto
719 4669 909 4733 insuper
923 4672 1049 4734 fimo
1068 4680 1279 4732 onerant,
1312 4688 1368 4720 su
1410 4685 1575 4736 um
1633 4671 1731 4719 dia
1749 4672 1916 4729 multa,
1938 4671 2018 4718 ubi
2037 4670 2118 4728 sit,
2140 4668 2403 4730 ignoratur.
