3059 5050
1220 236 1499 303 LIBER
1539 238 1626 304 ιι.
2544 241 2677 306 sss
2752 340 2757 343 ι

224 408 402 477 atque
429 392 530 474 agi
573 389 932 476 plenissimis
971 387 1107 464 viis,
1151 408 1292 469 quae
1323 388 1618 472 repentini
1654 386 1938 449 tumultus
1967 386 2183 449 timore
2210 406 2289 447 ex
2320 386 2484 468 agris
2525 387 2589 450 in

225 481 429 542 urbem
460 477 939 538 conserebantur.
1016 471 1158 534 Huc
1183 472 1514 554 equitatum
1544 472 1742 547 mittit,
1773 485 1837 532 ut
1864 473 2168 554 diriperet,
2200 483 2379 552 atque
2408 472 2591 535 habe·

228 578 316 626 ret
363 565 499 624 loco
545 561 795 646 praedae.
882 556 1244 639 Eodemque
1290 571 1559 640 tempore
1605 557 1696 617 his
1728 556 1901 616 rebus
1932 556 2198 617 subsidio
2228 576 2336 617 nc.
2368 557 2594 637 equites

225 647 515 710 Numidae
543 668 622 708 ex
652 645 903 730 oppido,
948 642 1295 726 peditesque
1341 662 1446 704 cn.
1498 642 1810 702 mittuntur
1838 640 1876 701 a
1904 638 2145 719 Varr03
2190 661 2341 723 quos
2386 641 2597 702 auxilii

227 734 444 797 caussa
471 753 579 793 rex
609 729 648 791 J
656 734 793 806 uba,
824 728 1034 812 paucis
1063 727 1273 788 diebus
1304 740 1442 788 ante
1485 724 1731 788 Uticam
1764 726 2025 788 miserat.
2113 724 2277 788 Huic
2307 740 2367 787 et
2396 738 2596 810 pater·
2639 731 2678 788 5

227 840 372 881 num
397 816 725 899 hospitium
751 834 886 876 cum
917 811 1233 894 Pompei0‚
1260 824 1320 873 et
1347 810 1617 873 simultas
1647 831 1783 872 cum
1811 807 2083 873 Curione
2112 812 2599 889 intercedebant3

231 902 398 985 quod
423 902 696 962 tribunus
719 899 876 982 pleb.
898 899 1091 980 legem
1118 896 1632 980 promulgaverat,
1701 895 1779 957 ua
1802 894 1938 977 lege
1964 916 2213 976 regnum
2236 895 2275 957 J
2280 898 2418 959 ubae
2445 898 2599 981 pub-

231 987 542 1050 licaverat.
629 983 1017 1046 Concurrunt
1043 983 1271 1063 equites
1310 982 1465 1043 inter
1493 1003 1579 1045 se.
1729 1002 1882 1063 eque
1928 980 2073 1042 vero
2123 981 2376 1063 primum
2410 984 2600 1066 impe-

234 1086 360 1135 tum
391 1087 727 1134 nostrorum
771 1066 1059 1130 Numidae
1089 1065 1241 1129 ferre
1272 1080 1636 1150 potuerunt:
1683 1067 1808 1142 sed,
1839 1065 2161 1128 intersectis
2190 1067 2424 1129 circiter
2453 1089 2597 1131 cxx.

233 1156 445 1238 reliqui
472 1177 534 1217 se
558 1156 616 1217 in
642 1167 836 1216 castra
857 1153 937 1215 ad
956 1151 1247 1237 oppidum
1274 1165 1647 1235 receperunt.
1696 1149 1967 1227 Interim,
1994 1151 2255 1213 adventu
2277 1151 2685 1234 longarumlo

233 1242 497 1317 navium,
530 1239 721 1301 Curio
764 1238 1145 1322 pronuntiari
1189 1238 1482 1299 onerariis
1526 1236 1783 1299 navibus
1815 1238 2013 1319 jubet,
2053 1258 2193 1319 quae
2241 1238 2477 1299 stabant
2523 1239 2600 1302 ad

231 1324 476 1388 Uticam
507 1345 759 1387 numero
790 1324 1030 1385 circiter
1062 1343 1164 1384 ce.
1197 1343 1259 1384 se
1289 1322 1352 1384 in
1399 1322 1661 1384 bostium
1707 1320 2049 1384 habiturum
2091 1321 2248 1399 locO,
2281 1321 2383 1403 qui
2414 1343 2535 1384 non
2566 1322 2600 1385 ὲ

228 1412 484 1492 vestigio
533 1411 611 1473 ad
660 1424 861 1471 castra
907 1406 1283 1470 Corneliana
1325 1406 1460 1469 vela
1503 1407 1839 1470 direxisset.
1928 1407 2073 1489 Qua
2115 1408 2605 1490 pronuntiatione

223 1488 409 1574 sacta,
440 1496 727 1579 temporis
770 1508 1019 1578 punctu,
1051 1493 1299 1555 sublatis
1343 1492 1644 1570 anchoriS,
1690 1514 1899 1555 omnes
1945 1490 2193 1554 Uticam
2242 1493 2605 1575 relinquunt,

229 1597 310 1660 et,
341 1581 461 1664 quo
493 1582 853 1664 imperatum
884 1594 991 1655 est,
1023 1591 1350 1641 transeunt.
1411 1577 1573 1660 Quae
1599 1600 1693 1640 res
1718 1578 1986 1639 omnium
2012 1599 2211 1640 rerum
2236 1578 2417 1662 copia
2441 1582 2688 1641 com-15

231 1667 419 1752 plevit
444 1666 798 1731 exercitum.

316 1748 563 1814 XXVI.
595 1749 712 1812 His
742 1751 920 1811 rebus
950 1749 1150 1830 gestiS‚
1184 1747 1380 1811 Curio
1411 1769 1473 1810 se
1514 1748 1578 1810 in
1624 1762 1825 1811 castra
1854 1749 1932 1811 ad
1979 1747 2334 1830 Bagradam
2367 1749 2610 1833 recepit,

235 1851 416 1920 atque
440 1836 703 1898 universi
728 1833 1028 1896 exercitiis
1052 1833 1537 1896 conclamatione
1561 1831 1902 1917 Imperator
1921 1833 2278 1917 appellatur.
2352 1833 2611 1896 Postero

236 1923 335 1987 die
363 1920 612 1984 Uticam
643 1920 973 1982 exercitum
1003 1919 1187 1996 ducit,
1231 1931 1294 1980 et
1336 1918 1529 2003 prope
1576 1919 1868 2003 oppidum
1917 1932 2113 1980 castra
2158 1920 2349 2002 ponit.
2437 1918 2610 1982 Non-

235 2009 382 2070 dum
433 2027 616 2090 opere
663 2016 996 2067 castrorum
1041 2003 1326 2087 perfectu,
1357 2004 1586 2086 equites
1630 2026 1707 2065 ex
1755 2004 2009 2066 statione
2057 2004 2353 2081 nuntiant,
2385 2008 2696 2086 magna20

236 2093 469 2157 auxilia
497 2090 766 2173 equitum
794 2090 1182 2172 peditumque
1212 2091 1290 2150 ab
1321 2111 1464 2171 rege
1489 2091 1672 2150 missa
1709 2087 1957 2150 Uticam
1988 2089 2221 2150 venire:
2283 2090 2615 2172 eodemque

234 2193 508 2262 tempore
537 2176 627 2237 vis
657 2195 886 2257 magna
929 2173 1191 2257 pulveris
1221 2176 1585 2236 cernebatur
1604 2196 1623 2253 3
1675 2188 1736 2236 et
1779 2174 1815 2236 ὲ
1857 2174 2114 2256 vestigio
2163 2176 2448 2258 temporis
2492 2176 2618 2259 pri-

235 2285 398 2326 mum
426 2283 651 2344 agmen
676 2260 892 2322 eratin
917 2274 1263 2343 conspectu.
1329 2258 1623 2322 Novitate
1644 2260 1731 2321 rei
1758 2258 1952 2322 Curio
1977 2273 2282 2343 permotus
2307 2261 2621 2345 praemittit

237 2350 484 2431 equites,
515 2347 619 2429 qui
649 2344 911 2429 primum
959 2344 1245 2428 impetum
1274 2346 1607 2407 sustineant
1636 2366 1707 2407 ac
1741 2358 2066 2407 morentur.
2154 2344 2294 2429 Ipse
2346 2345 2619 2408 celeriter

241 2435 320 2501 ab
374 2454 554 2517 opere
606 2429 879 2494 deductis
930 2429 1275 2511 legionibus
1329 2430 1517 2491 aciem
1576 2430 1831 2492 instruit.
1937 2428 2192 2513 Equites
2235 2431 2700 2494 committunt25

244 2518 562 2603 proelium:
606 2533 664 2580 et
690 2516 858 2603 prius
884 2514 1065 2599 quam
1086 2514 1274 2615 plane
1302 2515 1573 2598 legiones
1597 2516 1890 2601 explicari
1915 2529 1974 2578 et
2002 2517 2327 2579 consistere
2356 2533 2619 2601 possent,

243 2619 372 2666 tota
403 2603 633 2666 auxilia
677 2603 835 2685 regis
880 2600 1170 2685 impedita
1218 2623 1290 2663 ac
1335 2604 1707 2686 perturbata,
1754 2601 1918 2685 quod
1950 2601 2117 2664 nullo
2148 2603 2360 2665 ordine
2390 2617 2449 2665 et
2495 2605 2622 2665 sine

243 2690 456 2751 timore
499 2690 612 2751 iter
653 2687 939 2764 fecerant,
988 2689 1049 2748 in
1094 2686 1302 2770 fugam
1335 2708 1397 2749 se
1426 2688 1798 2770 conjiciunt:
1844 2687 2234 2771 equitatuque
2278 2689 2444 2750 omni
2492 2688 2620 2751 sere

239 2773 550 2851 incolumi,
582 2772 746 2857 qnod
794 2794 857 2834 se
902 2793 1011 2856 per
1048 2772 1227 2835 litora
1268 2771 1539 2835 celeriter
1585 2774 1648 2835 in
1694 2772 1988 2858 oppidum
2032 2774 2279 2859 recepit,
2326 2795 2617 2857 magnum

239 2860 507 2945 peditum
541 2879 852 2922 numerum
898 2858 1281 2920 interficiunt.
1936 2927 1943 2934 ,
2622 2864 2705 2924 30

326 2942 603 3007 XXVII.
634 2943 933 3006 Proxima
965 2956 1141 3004 nocte
1172 2942 1553 3005 centuriones
1595 2942 1792 3006 Marsi
1824 2966 1895 3007 11.
1927 2966 2003 3007 ex
2048 2944 2260 3006 castris
2309 2942 2618 3021 Curionis,

240 3051 382 3091 cum
411 3028 889 3113 manipularibus
920 3027 1039 3089 suis
1083 3049 1240 3090 xxu.
1294 3030 1371 3091 ad
1417 3029 1651 3091 Attium
1681 3027 1919 3092 Varum
1958 3029 2323 3113 perfugiunt.
2412 3026 2486 3106 Ii,
2519 3051 2625 3091 seu

238 3115 407 3192 vere,
452 3136 632 3197 quam
671 3115 1008 3175 habuerant
1040 3113 1386 3197 opinionem
1418 3114 1745 3198 perferunt,
1789 3116 1912 3177 sive
1965 3115 2147 3177 etiam
2180 3109 2427 3176 auribus
2471 3112 2625 3176 Vari

239 3201 530 3277 serviunt,
583 3198 751 3285 (nam
785 3219 923 3279 quae
952 3198 1250 3275 volumuS,
1280 3213 1341 3261 et
1368 3200 1670 3261 credimus
1715 3199 1986 3277 libenter,
2035 3214 2113 3277 et,
2162 3221 2302 3282 quse
2341 3199 2626 3261 sentimus

237 3286 377 3371 ipsi,
409 3285 672 3367 reliquos
703 3282 918 3345 sentire
947 3304 1255 3366 speramus
1277 3282 1323 3369 3)
1356 3285 1721 3348 confirmant
1750 3286 1992 3368 quidem
2025 3285 2190 3347 certe
2224 3285 2405 3348 totius
2450 3289 2707 3349 exer-35

240 3371 394 3433 citt‘is
425 3371 662 3433 animos
694 3368 922 3430 alienos
951 3389 1076 3429 esse
1109 3369 1146 3429 a
1175 3368 1485 3432 Curione:
1531 3372 1800 3433 maxime
1848 3393 2001 3456 opus
2030 3393 2158 3433 esse
2205 3371 2267 3433 in
2298 3385 2626 3454 conspectu

239 3456 572 3519 exercitum
633 3455 860 3532 venire,
921 3465 981 3515 et
1030 3453 1413 3537 colloquendi
1467 3455 1615 3518 dare
1665 3456 2032 3519 facultatem.
2140 3456 2284 3539 Qua
2340 3457 2626 3543 opinione

305 3665 351 3711 4.
380 3665 637 3741 Numidq]
713 3667 943 3714 Numidia
963 3665 1140 3715 Arriae
1163 3669 1314 3729 regio,
1336 3683 1442 3728 quae
1573 3671 1646 3718 13.
1678 3670 1790 3718 Vela
1810 3669 2085 3734 direxisset]
2152 3669 2340 3718 Dicitur
2371 3677 2419 3716 et
2450 3669 2555 3717 vela
2578 3668 2706 3719 dere.

243 3736 349 3775 erat
368 3727 648 3791 Carthagini
680 3731 914 3789 proxima.
1506 3732 1639 3793 virg.
1664 3733 1852 3781 AEneid.
1879 3748 1911 3781 1.
1944 3734 2023 3780 34.

278 3792 350 3863 ‚⁶¹
370 3789 532 3853 luha]
586 3792 876 3850 Hiempsalis
899 3793 989 3838 suit
1011 3790 1151 3847 filius,
1174 3793 1443 3841 rexNumi-
1579 3826 1636 3873 V.
1690 3824 1716 3874 ὲ
1878 3832 1942 3875 ed
2003 3826 2055 3874 S.
2118 3826 2131 3874 ι
2173 3825 2257 3874 κα
2324 3824 2335 3835 .
2382 3823 2394 3834 .
2439 3823 2505 3873 au

239 3853 350 3909 die,
373 3862 540 3912 parter
549 3854 762 3913 Pompeii
784 3863 973 3902 secutus
994 3864 1084 3910 est,
1101 3870 1162 3901 ex
1183 3870 1277 3915 quo
1295 3856 1444 3903 Curio
1579 3841 1692 3936 Va
1714 3841 1888 3937 αξη
1918 3842 2016 3938 ἐκ
2256 3840 2355 3873 “m
2372 3839 2426 3873 ἠ
2506 3839 2588 3873 ”m

239 3916 458 3962 n-ibunu·
480 3916 601 3975 pleb.
639 3918 792 3978 legem
826 3917 1174 3978 promulgarat,
1206 3933 1304 3977 qua
1338 3934 1445 3981 reg·
1806 3905 1835 3936 α
2018 3924 2029 3935 ’

240 3993 360 4024 num
402 3978 525 4025 illius
567 3980 912 4039 publicaverat,
958 3981 1087 4037 quod
1128 3981 1380 4028 defensum
1417 3981 1446 4030 ὲ

239 4039 472 4100 Pompeio
489 4042 662 4090 suerat.
724 4042 781 4089 ld
804 4050 1006 4090 testatur
1027 4042 1194 4090 Lucan
1215 4042 1296 4090 lib.
1319 4058 1383 4091 tv.

301 4165 401 4212 Nec
419 4165 568 4215 „Hm
588 4166 752 4215 dudit-⁸
771 4164 982 4214 ‘im-libus
1000 4167 1366 4229 mmm,
1579 4136 1827 4201 Velasaet’t
1849 4143 2023 4196 lma,
2045 4142 2086 4185 d
2104 4136 2258 4200 plenis
2276 4137 2399 4185 subit
2420 4136 2537 4185 ostia
2555 4135 2681 4184 velit.

302 4227 506 4277 Privam
528 4230 607 4277 sed
627 4229 751 4278 bella
778 4227 918 4276 dabat
939 4229 1069 4276 Juba
1089 4229 1414 4278 concitatius.
1576 4232 1647 4277 18.
1670 4232 1929 4293 Imperator
1958 4231 2261 4295 appellatur]
2301 4231 2417 4277 Post
2450 4230 2581 4277 ducis
2615 4232 2712 4278 fac-

302 4290 448 4339 Hunc
461 4305 641 4355 quoque
657 4306 747 4354 quo
760 4304 946 4353 superos
959 4290 1257 4354 humumque
1269 4291 1446 4355 polluit
1510 4301 1610 4340 tum
1634 4293 1838 4342 militare
1862 4294 2023 4354 paullo
2042 4293 2273 4353 insignius
2294 4294 2370 4339 hie
2388 4292 2546 4339 titulus
2565 4294 2713 4341 hono-

424 4368 550 4402 amw
1509 4355 1576 4401 ris
1596 4359 1769 4406 caussa
1800 4357 1983 4404 solebat
2005 4356 2054 4401 in
2083 4357 2252 4402 ducem
2285 4356 2510 4416 conferri,
2532 4366 2584 4403 ut
2604 4371 2713 4416 pas·

1507 4018 1551 4060 el
1574 4012 1859 4076 relusacere.
1907 4014 2027 4061 Item
2050 4013 2183 4075 virg.
2207 4012 2395 4061 AEneid.
2416 4027 2460 4059 v.
2477 4013 2587 4060 281.

300 4415 426 4487 Lege
448 4386 698 4464 tribunitia
716 4414 829 4487 solio
850 4412 1076 4476 depellere
1095 4431 1290 4465 avorum
1508 4418 1597 4464 sim
1622 4420 1749 4475 apud
1777 4419 1978 4465 Antores
2003 4417 2189 4476 legitur.

304 4477 449 4526 Curso
471 4478 692 4534 tentat-at,
835 4490 998 4538 arteque
1020 4477 1207 4541 auferre
1228 4485 1444 4541 tyrano,
1571 4482 1648 4526 21.
1669 4480 1742 4527 ab
1762 4495 1868 4538 rege
1892 4479 2067 4542 missa]
2117 4479 2261 4525 Juba.

303 4539 433 4587 Dum
467 4554 668 4602 reg-num
702 4546 745 4587 te
949 4538 1088 4600 facie.
1150 4543 1332 4590 Memor
1361 4541 1443 4590 ine
1567 4544 1645 4589 32.
1686 4543 1805 4588 Cum
1842 4541 2217 4615 nianipularibus
2256 4540 2385 4604 suia]
2442 4543 2550 4590 Duo
2587 4543 2714 4591 enim

426 4602 612 4657 doloris,
1506 4605 1811 4652 centuriones
1851 4603 2095 4664 manipulo
2132 4614 2388 4664 prtrerant,
2411 4607 2489 4664 qui
2529 4607 2713 4653 duabus

299 4664 405 4714 Hoc
425 4664 598 4714 bellum
614 4663 999 4742 raptast-udum
1008 4669 1148 4729 putat
1162 4679 1251 4714 one
1264 4666 1444 4716 racemi.
1507 4670 1765 4717 constabat
1789 4666 2029 4715 centuriis.
