3059 5050
1141 236 1421 312 LIBER
1460 240 1641 311 vm.
2516 252 2633 315 165

183 400 226 461 a
255 393 572 461 Germanis
599 392 940 472 differebat3
982 376 1182 478 neque⁸
1205 396 1498 479 imperata
1537 412 1823 475 unquam,
1854 387 1968 454 nisi
2015 392 2285 457 exercitu
2316 409 2549 475 coacta,

186 483 464 545 faciebat.
1546 492 1569 505 “

270 563 516 627 XXVI.
574 563 818 626 Interim
851 562 929 626 C.
963 562 1260 627 Caninius
1289 562 1543 643 legatus,
1574 581 1756 643 quum
1788 581 2073 642 magnam
2113 562 2553 628 multitudinem

187 650 539 710 convenisse
583 649 839 709 hostium
869 650 932 709 in
975 649 1122 710 fines
1150 647 1497 723 Pictonum,
1523 647 1731 708 litteris
1762 646 2100 726 nuntiisque
2130 644 2374 709 Duratii
2405 670 2554 732 cog-

188 734 470 809 novisset,
500 733 605 813 qui
649 732 939 816 perpetuo
985 733 1048 794 in
1097 732 1362 794 amicitia
1405 730 1826 792 Romanorum
1876 743 2323 812 permanserat3
2368 751 2550 813 quum
2597 733 2636 794 5

187 838 331 901 pars
363 817 643 898 quoedam
690 817 947 878 civitatis
974 818 1102 897 ejus
1130 814 1457 890 defecisset,
1489 815 1569 876 ad
1614 814 1907 897 oppidum
1939 811 2265 875 Limonum
2308 828 2555 879 conten-

188 902 298 962 dit.
398 899 537 981 Qut')
589 922 772 983 quum
820 901 1182 974 adventaret,
1228 914 1406 981 atque
1449 919 1526 959 ex
1575 898 1830 980 captivis
1877 898 2096 959 certius
2141 915 2553 977 cognosceret,

190 985 392 1046 multis
436 984 741 1046 hominum
789 984 1063 1060 millibus,
1111 982 1435 1044 Dumnaco
1478 983 1632 1045 duce
1675 983 1963 1059 Andium,
2010 980 2343 1044 Duracium
2389 984 2556 1046 clau·-

189 1089 343 1145 sum,
370 1067 695 1131 Limonum
726 1069 1105 1151 oppugnari3
1149 1088 1343 1149 neque
1383 1067 1655 1129 infirmas
1685 1066 1953 1148 legiones
1983 1066 2250 1128 hostibus
2280 1069 2556 1131 commit-

186 1166 315 1214 tere
358 1153 630 1229 auderet3
673 1167 872 1215 castra
901 1156 1133 1214 munito
1162 1151 1301 1213 loco
1329 1152 1568 1234 posuit:
1614 1149 1988 1226 DumnacuS,
2019 1170 2202 1232 quum
2229 1153 2643 1235 appropin-lo

192 1234 404 1318 quare·
426 1235 782 1298 Caminium
830 1238 1236 1318 cognovisset,
1268 1236 1458 1318 copiis
1505 1236 1784 1296 omnibus
1815 1235 1892 1296 ad
1936 1233 2204 1315 legiones
2235 1239 2558 1314 conversis,

192 1335 392 1383 castra
442 1319 863 1383 Romanorum
913 1342 1270 1405 oppugnare
1318 1320 1588 1381 instituit.
1676 1318 1883 1401 Quum
1932 1320 2271 1401 complures
2323 1321 2448 1382 dies
2497 1322 2559 1384 in

191 1407 643 1487 oppugnatione
686 1406 1190 1488 consumpsisset3
1233 1418 1312 1480 et,
1358 1424 1588 1484 magno
1635 1423 1877 1468 suorum
1922 1404 2300 1478 detrimento,
2333 1405 2560 1468 nullam

192 1503 423 1572 partem
454 1491 853 1552 munitionum
878 1489 1217 1552 convellere
1240 1491 1548 1573 potuisset,
1579 1508 1782 1549 rursus
1812 1488 1890 1550 ad
1920 1488 2316 1550 obsidendum
2349 1488 2563 1551 Limo-

191 1594 335 1635 num
368 1574 538 1636 redit.
2568 1578 2645 1638 15

279 1656 555 1720 XXVII.
601 1657 840 1721 Eodem
885 1672 1154 1743 tempore
1184 1657 1261 1722 C.
1293 1656 1524 1721 Fabius
1553 1657 1789 1740 legatus
1817 1657 2157 1741 complures
2204 1658 2472 1721 civitates
2502 1661 2563 1722 in

191 1740 376 1803 fidem
414 1744 643 1825 recipit,
676 1744 985 1805 obsidibus
1015 1745 1235 1817 firmat,
1265 1743 1589 1823 litterisque
1626 1742 1706 1802 C.
1738 1741 1985 1804 Caninii
2034 1742 2253 1803 certior
2297 1743 2384 1819 fit,
2429 1764 2573 1825 quae

185 1825 257 1887 in
288 1825 643 1887 Pictonibus
674 1841 979 1907 gerantur.
1067 1826 1307 1909 Quibus
1336 1827 1515 1887 rebus
1544 1825 1824 1906 cognitiS,
1856 1826 2255 1908 proficiscitur
2285 1828 2362 1887 ad
2395 1827 2569 1888 auxi·-

189 1908 342 1970 lium
376 1909 637 1971 Duratio
684 1909 1012 1972 ferendum.
1098 1910 1183 1972 At
1213 1909 1588 1985 DumnacuS‚
1636 1911 1895 1971 adventu
1927 1907 2107 1971 Fabii
2138 1911 2405 1990 cognitu,
2436 1912 2570 1973 des-

185 2009 411 2076 perata
440 1993 645 2071 salute,
677 1995 725 2054 si
755 2008 1025 2078 tempore
1052 1995 1264 2057 eodem
1296 2007 1543 2056 coactus
1567 2006 1739 2070 esset,
1770 2007 1831 2055 et
1855 1992 2207 2055 Romanum
2256 1999 2655 2057 externumfflo

188 2079 488 2139 sustinere
517 2080 767 2156 bostem,
798 2093 857 2140 et
887 2101 980 2141 res
1025 2080 1181 2142 icere
1210 2101 1281 2141 ac
1313 2079 1519 2141 timere
1550 2100 1630 2161 op
1678 2079 1910 2153 idanoS,
1943 2078 2189 2160 repente
2221 2100 2296 2140 eo
2325 2101 2402 2140 ex
2432 2079 2572 2143 loco

191 2182 333 2223 cum
365 2162 558 2245 copiis
604 2164 846 2225 recedit.
998 2185 1066 2225 ec
1097 2186 1159 2225 se
1188 2164 1331 2225 satis
1380 2177 1572 2224 tutum
1645 2183 1749 2222 ore
1796 2162 2139 2237 arbitratur,
2186 2163 2299 2224 nisi
2348 2164 2572 2227 flumen

193 2244 490 2327 Ligerim,
522 2248 684 2329 quod
708 2262 838 2308 erat
866 2260 1049 2330 ponte
1077 2261 1324 2332 propter
1355 2246 1830 2328 magnitudinem
1880 2247 2330 2324 transeundum,
2360 2269 2437 2310 co
2482 2250 2571 2311 ias

193 2331 646 2393 transduxisset.
753 2330 1002 2409 Fabius,
1040 2334 1147 2394 etsi
1196 2333 1463 2394 nondum
1492 2331 1559 2392 in
1586 2344 1973 2414 conspectum
2004 2345 2250 2393 venerat
2279 2333 2434 2393 hosti
2480 2355 2567 2412 us,

198 2435 391 2496 neque
419 2436 480 2477 se
508 2437 645 2476 cum
678 2414 946 2478 Caninio
993 2420 1410 2500 conjunxerat,
1446 2430 1647 2478 tamen
1679 2416 1894 2477 doctus
1923 2416 2002 2476 ab
2050 2415 2122 2475 iis
2152 2416 2255 2497 qui
2296 2416 2651 2481 locorum25

195 2514 492 2562 noverant
520 2514 816 2578 naturam,
847 2502 1222 2585 potissimum
1252 2502 1528 2578 credidit,
1562 2501 1760 2562 hostes
1884 2500 2150 2562 rterritos
2179 2522 2315 2563 eum
2347 2501 2549 2566 locum

197 2605 374 2666 quem
406 2586 709 2668 petebant,
734 2588 1040 2670 petituros.
1128 2587 1342 2669 Itaque
1371 2605 1509 2649 cum
1536 2586 1726 2669 copiis
1752 2520 2115 2649 adzundem
2147 2600 2391 2670 pontem
2423 2610 2571 2651 con-

201 2670 406 2746 tendit,
435 2672 885 2753 equitatumque
912 2684 1144 2736 tantum
1174 2673 1502 2755 procedere
1533 2685 1671 2733 ante
1703 2692 1922 2752 agmen
1954 2671 2210 2755 imperat
2237 2672 2570 2754 legionum,

199 2760 487 2835 quantum
520 2777 700 2837 quum
731 2756 1131 2839 processisset,
1162 2757 1287 2818 sine
1333 2757 1766 2837 defatigatione
1802 2776 2095 2838 equorum
2141 2758 2204 2818 in
2253 2759 2465 2821 eadem
2509 2780 2572 2820 se

202 2841 490 2922 reciperet
511 2857 728 2902 castra.
812 2840 1282 2923 Consequuntur
1310 2842 1537 2922 equites
1566 2840 1774 2916 nostri,
1805 2854 1871 2900 ut
1898 2855 2028 2901 erat
2056 2856 2448 2924 praeceptum,
2481 2845 2655 2907 in-sso

198 2925 545 3006 vaduntque
574 2923 882 2988 Dumnaci
906 2947 1124 3008 agmen
1148 2947 1164 2986 ε
1208 2939 1268 2987 et
1288 2925 1587 3007 fugientes
1610 2925 2075 3006 perterritosque
2098 2926 2210 2986 sub
2234 2926 2486 2987 sarcinis
2512 2928 2575 2989 in

200 3006 410 3070 itinere
438 3011 729 3092 aggressi,
762 3011 988 3092 magna
1016 3010 1249 3093 praeda,
1275 3009 1476 3070 multis
1500 3008 1842 3083 interfectis,
1873 3007 2201 3090 potiuntur.
2270 3006 2484 3092 Itaque
2512 3032 2577 3072 re

201 3093 355 3155 bene
523 3095 544 3113 “
604 3116 666 3156 se
690 3095 987 3178 recipiunt
1015 3097 1077 3156 in
1108 3108 1325 3156 castra.

288 3175 350 3238 X
419 3177 594 3241 VIII.
641 3179 982 3262 Insequenti
1012 3194 1191 3242 nocte
1221 3176 1708 3260 Fabiusoequites
1737 3175 2069 3261 praemittit,
2101 3176 2186 3239 sic
2218 3192 2483 3262 paratoS,
2512 3192 2579 3242 ut

201 3263 613 3346 confligerent,
644 3280 822 3346 atque
851 3285 1030 3327 omne
1077 3285 1295 3347 agmen
1334 3276 1732 3336 morarentur,
1762 3263 1906 3324 dum
1937 3277 2402 3344 consequeretur
2430 3264 2659 3348 ipse.35

202 3347 398 3430 Cujus
423 3351 761 3433 praeceptis,
792 3363 858 3411 ut
885 3371 979 3412 res
1009 3363 1333 3432 gereretur,
1365 3348 1447 3430 Q.
1479 3348 1655 3410 Atius
1685 3346 1908 3424 Varus,
1938 3347 2259 3431 praefectus
2287 3350 2576 3430 equitum,

202 3433 522 3515 singularis
551 3447 610 3496 et
639 3435 823 3496 animi
853 3449 913 3497 et
935 3435 1272 3519 prudentiae
1297 3435 1410 3510 vir,
1441 3454 1582 3495 suos
1610 3434 1903 3511 hortatur,
1947 3454 2287 3515 agmenque
2315 3435 2577 3498 hostium

200 3532 576 3595 consecutus,
606 3533 832 3581 turmas
860 3521 1079 3603 partim
1112 3520 1343 3582 idoneis
1370 3518 1521 3581 locis
1552 3518 1836 3602 disponit,
1865 3518 2088 3602 partim
2117 3520 2382 3601 equitum
2414 3541 2578 3603 proe-

199 3602 350 3664 lium
382 3604 716 3666 committit.
803 3604 1099 3668 Consistit
1145 3604 1435 3667 audacius
1481 3604 1780 3686 equitatus
1809 3603 2090 3680 hostium,
2122 3606 2577 3667 succedentibus

199 3688 318 3750 sibi
347 3690 665 3771 peditibus,
695 3711 817 3773 quo
845 3703 976 3753 toto
1023 3690 1266 3773 agmine
1314 3689 1696 3751 subsistentes
1724 3688 2021 3771 equitibus
2051 3690 2171 3751 suis
2199 3703 2414 3752 contra
2436 3693 2660 3752 nos-40

197 3786 328 3834 tros
358 3774 553 3837 ferunt
581 3776 892 3838 auxilium.
980 3773 1087 3838 Fit
1157 3774 1392 3837 roelium
1425 3775 1551 3837 acri
1600 3774 1946 3835 certamine.
2040 3772 2323 3857 Namque
2366 3774 2575 3852 nostri,

199 3861 562 3943 contemptis
585 3861 778 3944 pridie
808 3861 1101 3944 superatis
1167 3860 1414 3936 ostibus,
1440 3879 1625 3942 quum
1656 3857 1937 3940 subsequi
1972 3857 2243 3940 legiones
2274 3858 2576 3920 meminis-

197 3958 353 4020 sent,
375 3959 432 4007 et
459 3946 690 4029 pudore
719 3945 989 4024 cedendi,
1010 3959 1071 4008 et
1097 3943 1425 4029 cupiditate
1447 3943 1699 4006 celerius
1728 3964 1836 4026 per
1872 3962 1934 4004 se
1963 3944 2326 4006 conficiendi
2357 3943 2575 4027 proelii,

197 4027 523 4093 fortissime
554 4045 766 4094 contra
795 4031 1022 4116 pedites
1066 4029 1460 4114 proeliantur:
1505 4029 1823 4111 hostesque
1876 4027 2020 4091 nihil
2069 4028 2328 4113 amplius
2369 4028 2578 4112 copia-

198 4135 337 4175 rum
385 4137 762 4179 accessurum
804 4116 1132 4192 credentes,
1178 4128 1244 4177 ut
1291 4114 1484 4198 pridie
1529 4128 1963 4196 cognoverant,
2008 4114 2245 4176 delendi
2275 4112 2658 4196 equitatfis45

196 4201 391 4262 nostri
433 4202 593 4264 nacti
623 4202 1003 4265 occasionem
1034 4200 1411 4263 videbantur.

293 4383 341 4428 6.
377 4381 641 4430 Limum.
704 4380 1003 4441 ignorantur.
1033 4381 1112 4428 Ex
1152 4379 1399 4428 itinn-ario
1522 4377 1602 4424 31.
1638 4375 1735 4425 Sub
1753 4376 1980 4438 sav-einim]
2017 4374 2335 4423 Suburcinis
2350 4372 2574 4421 dicuntur
2587 4389 2658 4423 es·

198 4444 432 4491 Antonini
455 4452 528 4490 est
551 4445 600 4490 in
679 4443 926 4498 ictnnibus,
967 4445 1097 4502 apud
1132 4456 1252 4502 quas
1289 4449 1400 4491 sunt
1462 4454 1514 4487 se
1537 4439 1708 4486 milites
1745 4447 1795 4486 et
1831 4438 2063 4497 impediti,
2097 4435 2205 4483 cum
2227 4444 2400 4495 preter
2419 4451 2553 4484 arma
2574 4439 2658 4485 ad·

198 4506 298 4552 duo
318 4507 516 4565 oppidu,
538 4504 897 4566 Augustoritum
931 4512 978 4551 et
1016 4504 1281 4552 Limonum.
1347 4503 1398 4551 Si
1461 4504 1554 4549 huc
1576 4511 1771 4560 portant
1788 4515 1969 4548 onera:
2002 4499 2212 4558 expediti
2234 4507 2411 4556 autem,
2448 4500 2528 4559 qui
2561 4514 2659 4547 non

199 4568 564 4628 Augustoritum
585 4577 675 4620 est,
696 4573 750 4612 ut
768 4566 1048 4624 quibusdam
1064 4567 1267 4626 videbar,
1288 4564 1398 4615 Pei-
1460 4566 1657 4621 vallum,
1679 4579 1775 4612 non
1788 4564 1966 4618 cibum,
1979 4560 2098 4609 nihil
2112 4562 2507 4620 denique-preter
2523 4576 2660 4610 arma

201 4628 327 4687 tim,
348 4631 440 4678 erit
459 4630 677 4692 ignotum
699 4628 966 4676 Emonam
1460 4628 1634 4676 scunt·-

1075 4783 1106 4792 κ
