3059 5050
768 224 892 290 DE
937 225 1242 289 BELLO
1288 223 1752 288 AFRICANO
1797 222 2097 288 LIBER.

2542 233 2670 294 343

198 377 609 440 arbitrabatur
637 377 976 455 cujusmodi
1010 376 1267 439 victoria
1295 389 1448 436 esset
1475 375 1693 435 futura.
1783 371 1996 456 Turpe
2026 373 2186 435 enim
2231 372 2344 434 sibi
2376 373 2583 436 existi-

200 466 428 537 mabat,
460 476 546 522 tot
576 461 754 520 rebus
804 463 1008 541 gestis»,
1040 462 1336 542 tantisque
1371 459 1732 521 exercitibus
1776 458 2047 534 devictis,
2096 471 2187 519 tot
2232 472 2356 519 tam
2403 458 2581 521 claris

200 548 467 607 victoriis
517 548 724 628 partiS,
757 548 836 605 ab
870 545 1113 626 reliquis
1142 548 1334 627 copiis
1365 544 1846 606 adversariorum
1878 564 2123 603 suorum
2153 564 2230 605 ex
2280 543 2427 624 suga
2454 544 2582 605 col-

200 631 386 705 leem,
414 652 475 691 se
506 648 815 692 cruentam
850 631 1135 713 adeptum
1165 630 1495 691 existimari
1522 629 1856 689 victoriam.

1943 628 2160 708 Itaque
2189 629 2582 691 constituerat

200 717 461 797 gloriam
493 715 1077 795 exsultationemque
1119 735 1323 776 eorum
1365 714 1511 796 pati,
1557 713 1750 774 donec
1798 712 1913 774 sibi
1942 725 2362 774 veteranarum
2393 714 2584 795 legio·
2626 718 2665 774 5

200 823 344 862 num
372 822 514 883 pars
546 800 749 880 aliqua
776 800 834 860 in
867 800 1129 860 secundo
1154 812 1495 859 commeatu
1522 798 1899 859 occurrisset.

286 883 571 946 XXXII.
620 886 830 967 Scipio
859 884 1094 944 interim
1143 884 1466 965 paulisper,
1499 900 1566 944 ut
1594 896 1732 943 ante
1761 882 1913 959 dixi,
1945 882 2006 944 in
2036 903 2111 943 eo
2141 881 2280 944 loco
2311 904 2584 945 commo-

201 985 390 1047 raum,
425 985 489 1030 ut
517 971 683 1050 quasi
715 970 1052 1051 despexisse
1100 966 1411 1029 Caesarem
1459 968 1784 1043 videretur,
1815 967 2139 1050 paullatim·
2175 967 2407 1029 reducit
2445 989 2583 1029 suas
2627 1014 2638 1023 .

202 1056 412 1137 copias
443 1057 503 1116 iu
536 1070 750 1129 castra,
776 1068 833 1114 et
861 1052 1159 1114 concione
1190 1052 1511 1128 advocata,
1538 1053 1613 1114 de
1638 1066 1864 1114 terrore
1888 1074 2020 1129 suo,
2046 1051 2584 1135 desperationeque

202 1141 502 1202 exercitiis
532 1139 796 1200 Caesaris
817 1139 1017 1198 'verba
1045 1137 1229 1215 sacit3
1274 1152 1335 1198 et
1362 1138 1713 1199 cohortatus
1742 1158 1902 1213 suos,
1926 1137 2241 1199 victoriam
2273 1138 2669 1220 propriamlo

203 1245 267 1286 se
313 1229 396 1286 eis
429 1225 591 1285 brevi
636 1224 916 1285 daturum
948 1222 1290 1305 pollicetur.

1381 1221 1601 1284 Caesar
1633 1222 1814 1303 jubet
1843 1221 2058 1284 milites
2088 1244 2290 1284 rursus
2320 1224 2399 1283 ad
2429 1244 2582 1305 opus

204 1311 412 1385 redire,
463 1322 519 1370 et
564 1329 670 1391 per
714 1328 993 1370 caussam
1042 1308 1466 1383 munitionum,
1498 1307 1725 1368 tirones
1753 1310 1814 1368 in
1845 1307 2055 1368 labore
2083 1307 2417 1388 defatigare
2459 1329 2584 1369 uon

200 1395 550 1456 intermittit.
639 1392 888 1454 Interim
922 1390 1215 1453 Numidae
1262 1391 1586 1474 Getulique
1630 1391 1922 1473 diffugere
1968 1393 2238 1473 quotidie
2266 1414 2345 1453 ex
2376 1394 2585 1455 castris

198 1478 525 1562 ScipioniS‚
556 1492 618 1540 et
664 1478 884 1561 partim
917 1477 981 1538 in
1010 1498 1265 1558 regnum
1316 1499 1378 1538 se
1421 1477 1714 1552 conferre,
1731 1478 1986 1624 (partim,
2018 1477 2182 1559 quod
2228 1477 2344 1560 ipsi
2389 1479 2583 1558 majo-

195 1586 409 1646 resque
433 1585 644 1626 eorum
670 1562 969 1624 beneficio
994 1561 1072 1624 C.
1103 1561 1289 1624 Marii
1314 1564 1403 1624 usi
1436 1562 1703 1638 fuissent,

1791 1584 2162 1645 aesaremque
2191 1563 2318 1644 ejus
2344 1563 2665 1625 affinem15

195 1672 324 1709 esse
356 1650 707 1723 audiebant,
756 1648 817 1709 in
862 1648 990 1728 ejus
1034 1661 1235 1710 castra
1278 1647 1594 1731 perfugere
1630 1649 1986 1709 catervatim
2014 1670 2135 1709 non
2167 1648 2582 1710 intermittunt.

199 1734 481 1815 Quorum
515 1755 592 1794 ex
624 1753 875 1794 numero
906 1733 1109 1794 electis
1154 1733 1516 1808 homiuibus,
1549 1732 1897 1793 illustriores
1944 1732 2216 1809 GetuloS,
2247 1732 2457 1794 litteris
2506 1734 2586 1795 ad

200 1841 340 1879 suos
373 1821 528 1879 sives
558 1820 734 1895 datis,
765 1819 1134 1893 cohortatuS,
1167 1831 1233 1878 ut
1260 1839 1443 1879 manu
1474 1818 1654 1894 facta,
1686 1838 1748 1878 se
1778 1838 2035 1899 suosque
2076 1817 2477 1893 defenderent,
2526 1832 2585 1879 et

200 1926 276 1966 ne
309 1906 430 1965 suis
456 1904 715 1965 inimicis
745 1903 1224 1985 adversariisque
1254 1901 1418 1964 dicto
1449 1904 1757 1964 audientes
1787 1916 2000 1979 essent,
2032 1903 2227 1964 mittit.

286 1987 605 2050 XXXIII.
665 1987 831 2049 Dum
877 1988 1012 2049 haec
1061 1988 1140 2050 ad
1185 1986 1526 2071 Ruspinam
1560 1988 1730 2063 fiunt,
1761 1987 1946 2069 legati
1978 2010 2053 2049 ex
2101 1987 2304 2049 Acina
2345 1987 2670 2051 civitate20

201 2075 414 2151 libera,
446 2074 625 2136 etiam
660 2074 922 2156 undique
968 2073 1047 2135 ad
1081 2072 1393 2135 Caesarem
1425 2073 1702 2151 veniunt3
1747 2094 1929 2154 seque
1958 2091 2223 2157 paratos,
2273 2094 2584 2154 quaecum-

204 2182 321 2241 que
351 2160 717 2244 imperasset,
743 2171 801 2220 et
830 2158 1036 2219 libenti
1071 2159 1277 2220 animo
1308 2158 1572 2219 facturos
1616 2157 2014 2241 pollicentur:
2071 2173 2270 2220 tamen
2316 2164 2489 2219 orare
2527 2173 2587 2220 et

199 2260 402 2327 petere
431 2247 510 2306 ab
542 2266 634 2321 eo,
668 2259 733 2305 ut
779 2244 894 2305 sibi
941 2243 1290 2327 praesidium
1323 2244 1512 2321 daret,
1557 2266 1678 2325 quo
1708 2245 1893 2306 tutius
1937 2245 2019 2320 id,
2068 2258 2128 2305 et
2156 2245 2283 2305 sine
2314 2242 2585 2326 periculo

197 2330 397 2392 facere
445 2344 724 2413 possent:
771 2350 832 2391 se
878 2343 943 2393 et
984 2328 1367 2407 frumentum,
1397 2344 1476 2404 et,
1507 2350 1906 2410 quaecumque
1955 2350 2048 2391 res
2092 2329 2178 2390 eis
2226 2342 2583 2412 suppeteret,

197 2417 538 2477 eommunis
595 2415 802 2477 salutis
861 2415 1061 2497 gratia
1118 2415 1693 2476 subministraturos.

1783 2416 2021 2496 Quibus
2079 2416 2256 2475 rebus
2315 2414 2492 2476 facile
2549 2415 2667 2477 3125

198 2499 454 2563 Caesare
495 2500 842 2585 impetratiS‚
898 2500 1305 2585 praesidioque
1337 2500 1502 2576 dato,
1536 2499 1613 2562 C.
1665 2499 1952 2562 Messium
2004 2499 2255 2562 aedilitia
2312 2498 2583 2562 functum

193 2600 514 2733 pptestate,
544 2587 802 2649 Acillam
836 2586 1015 2668 jubet
1046 2586 1369 2669 proficisci.

1460 2585 1700 2667 Quibus
1732 2589 1910 2647 rebus
1940 2587 2222 2666 cognitiS,
2255 2585 2583 2647 Considius

259 2693 478 2752 ung-m,
499 2673 601 2753 qui
626 2672 942 2734 Adrumeti
968 2692 1105 2732 cum
1135 2691 1206 2732 ιι.
1235 2670 1596 2752 legionibus,
1623 2673 1922 2753 equitibus
1946 2693 2095 2732 nce.
2169 2685 2403 2747 raeerat,
2430 2671 2588 2732 cele-
2627 2701 2628 2706 ¹

192 2758 358 2828 riter,
392 2759 474 2819 ibi
502 2773 672 2841 parte
701 2757 969 2841 praesidii
1002 2756 1230 2832 relicta,
1261 2778 1400 2817 cum
1446 2777 1591 2817 vm.
1624 2757 1976 2818 cohortibus
2005 2756 2122 2817 Aci
2148 2755 2267 2817 lam
2302 2758 2387 2817 ire
2430 2778 2576 2817 con-

190 2844 403 2904 tendit.
478 2842 735 2905 Messius
766 2842 1019 2905 celerius
1048 2842 1260 2903 itinere
1284 2842 1562 2903 consecto
1589 2843 1755 2924 prior
1778 2841 2042 2903 Acillam
2070 2863 2207 2903 cum
2234 2841 2672 2904 cohortibusssss.

189 2929 487 3012 pervenit.
574 2928 910 2996 Considius
940 2929 1200 3003 interim,
1232 2948 1415 3007 quum
1466 2928 1546 2988 ad
1581 2930 1785 2988 urbem
1816 2949 1956 2988 cum
1988 2927 2180 3009 copiis
2211 2928 2479 3001 accessit,
2527 2940 2588 2988 et

190 3013 718 3075 animadvertisset
746 3013 1097 3095 praesidium
1131 3010 1398 3073 Caesaris
1448 3013 1533 3072 ibi
1580 3033 1725 3088 esse,
1758 3034 1880 3073 non
1930 3033 2108 3073 ausus
2157 3011 2427 3094 periculo
2475 3033 2586 3082 suo

193 3120 324 3160 rem
359 3099 577 3174 facere,
610 3097 776 3159 nulla
806 3119 869 3158 re
900 3098 1073 3179 gesta
1101 3117 1214 3179 pro
1245 3097 1626 3158 multitudine
1652 3097 1985 3173 hominum,
2014 3098 2219 3158 versus
2243 3098 2586 3158 Adrumen-

191 3199 324 3245 tum
352 3205 415 3245 se
440 3184 695 3266 recepit:
739 3183 958 3245 deinde
984 3182 1192 3265 paucis
1218 3195 1353 3265 post
1377 3182 1608 3258 diebuS,
1636 3183 2007 3264 equestribus
2030 3182 2223 3266 copiis
2244 3183 2280 3243 a
2305 3180 2585 3246 Labieno

193 3269 501 3344 adducti5‚
535 3289 739 3329 rursus
769 3267 1082 3329 Acillanos
1111 3267 1321 3328 castris
1353 3267 1564 3350 positis
1594 3268 1871 3329 obsidere
1899 3266 2104 3350 coepit.
2351 3303 2362 3312 -

280 3352 594 3416 XXXIV.
641 3352 765 3415 Per
788 3353 850 3414 id
883 3368 1117 3435 tempus
1142 3352 1220 3414 C.
1253 3351 1574 3414 Sallustius
1618 3353 1895 3436 CrispuS,
1946 3374 2125 3434 quem
2182 3351 2390 3434 paucis
2446 3364 2587 3413 ante

192 3439 407 3501 diebus
434 3442 678 3500 missum
701 3440 738 3500 a
757 3437 1010 3500 Caesare
1029 3459 1164 3499 cum
1186 3437 1377 3500 classe
1399 3439 1961 3513 demonstravitum,
1984 3436 2350 3500 Cercinnam
2374 3440 2665 3520 perire-35

193 3525 306 3586 nit.

198 3723 209 3733 .
259 3662 307 3706 9.
334 3661 400 3706 De
424 3665 589 3708 terrore
610 3662 727 3723 mm]
794 3665 945 3715 Quem
978 3663 1082 3721 ipse
1115 3663 1400 3710 Caesarianis

196 3733 478 3770 incusserat.

210 3787 337 3895 ΕΠ).
381 3784 625 3896 Vict⁷olriam
662 3786 902 3848 proprmm‘
906 3788 939 3849 .]
1008 3787 1088 3834 Sic
1133 3789 1261 3846 apud
1297 3789 1397 3835 vir.

193 3877 213 3894 ι
261 3863 308 3894 u.
345 3862 410 3894 vr.
431 3851 462 3893 8
530 3884 540 3894 .

462 3910 659 3972 propria
680 3905 776 3958 h'aec
796 3911 836 3958 ri
857 3911 981 3959 dona
991 3912 1211 3974 fuissem.

192 3973 332 4027 Quod
389 3972 580 4019 Servius
623 3973 966 4032 interpretatur
1013 3980 1256 4036 perpetua,
1298 3991 1403 4035 quae

193 4050 291 4081 non
315 4035 465 4081 cladis
488 4036 683 4082 alterius
705 4037 1033 4095 subsequentis
1057 4039 1166 4083 labe
1187 4052 1399 4083 corrum-

194 4109 354 4155 patur,
380 4106 428 4143 ut
468 4098 725 4156 aliquando
747 4100 811 4144 fit.
879 4099 957 4145 Sic
994 4101 1173 4157 passim
1211 4111 1401 4147 autores

194 4160 370 4206 Latini.
392 4160 757 4206 Hebraeidicunt
771 4159 1133 4223 infinemnxn'v.
1155 4162 1399 4209 Lanesaeh.

260 4224 331 4268 14.
363 4220 496 4281 Quod
518 4222 606 4294 {psi
627 4224 908 4286 majoresque
923 4239 1079 4271 eorum
1106 4224 1325 4287 beneficio
1348 4225 1399 4272 C.

190 4284 339 4331 Marii
363 4286 430 4330 usi
442 4284 684 4347 sument]
744 4286 993 4332 Suetonius
1021 4287 1401 4346 Plutarchusque

194 4347 400 4403 idipsum
443 4355 703 4393 testantur:
755 4363 927 4406 nempe
967 4350 1146 4396 Juliam
1201 4351 1398 4396 amitam

395 3524 590 3606 Cujus
621 3525 884 3586 adventu
918 3522 996 3585 C.
1027 3522 1320 3584 Decimus
1350 3526 1731 3605 quaestorius,
1753 3525 1856 3607 qui
1889 3525 1973 3586 ibi
2005 3524 2142 3585 cum
2165 3523 2386 3604 grandi
2411 3522 2584 3584 fami-

1468 3665 1706 3713 Strabone
1724 3666 1896 3711 dicitur
1917 3665 2078 3712 ‚Hc-olla
2095 3681 2113 3721 ;
2144 3665 2297 3712 facilis
2320 3666 2447 3712 enim
2471 3674 2540 3711 est
2563 3680 2648 3724 per

1466 3727 1667 3773 mutatio
1685 3728 1703 3772 i
1726 3729 1771 3773 in
1789 3742 1831 3774 ο.
1875 3727 2000 3774 Urbs
2022 3737 2094 3774 est
2119 3727 2355 3774 maritima
2373 3728 2547 3774 Africae
2562 3743 2667 3786 pro-

1465 3789 1567 3847 prie
1589 3791 1743 3835 dictae.

1525 3855 1602 3897 215.
1630 3853 1685 3898 C.
1707 3851 1925 3899 Mami-um
1960 3851 2392 3915 oedilitidsunctum
2407 3854 2664 3915 potestate]

1468 3913 1589 3975 Ejus
1627 3916 1864 3961 aedilitatis
1887 3923 1957 3960 est
1987 3915 2307 3962 testimonium
2342 3917 2468 3973 apud
2509 3916 2668 3962 Valet.

1469 3977 1752 4032 Maximum,
1776 3977 1855 4023 lib.
1881 3993 1934 4024 ιι.
1956 3992 2063 4036 cap.
2084 3980 2132 4024 ὃ.
2153 3977 2260 4024 cum
2283 3978 2348 4023 ait
2373 3979 2464 4023 hoc
2489 3978 2668 4024 Messio

1465 4038 1604 4095 edili,
1644 4041 1943 4099 facienteque
1983 4042 2118 4086 ludos
2163 4039 2385 4096 floriales,
2423 4041 2669 4099 populum,

1466 4111 1513 4148 ut
1537 4114 1625 4158 pro
1649 4117 1781 4148 more
1803 4104 2100 4149 nudarentur
2121 4103 2291 4157 minate,
2317 4111 2549 4158 praesente
2574 4102 2667 4148 Ca-

1464 4173 1594 4216 tone,
1640 4164 1860 4224 flagitare
1899 4164 2158 4212 erubuisse.
2237 4163 2475 4211 AEdnluius
2525 4177 2668 4222 porro

1465 4227 1729 4282 dicebatur,
1760 4229 1840 4286 qui
1879 4227 2024 4274 aedilis
2063 4229 2234 4274 suerat.
2300 4227 2393 4273 Hic
2416 4227 2665 4284 magistra-

1465 4297 1540 4334 tus
1579 4303 1823 4336 sacrarum
1868 4290 2255 4348 privatarumque
2292 4290 2461 4334 aedium
2500 4304 2664 4336 curam

1464 4353 1680 4410 gerebat.
1746 4352 1917 4398 Cicero
1952 4366 2025 4398 ιιι.
2057 4352 2118 4397 de
2158 4350 2392 4409 Legibus·
2430 4352 2665 4412 Surdaque

194 4408 400 4454 Ctesaris
446 4410 589 4456 fuisse
631 4425 829 4456 uxorem
875 4411 1072 4473 majoris
1118 4412 1276 4459 Marii.
1341 4414 1398 4458 Id
1461 4413 1618 4461 aediles
1654 4419 1883 4461 miratores
1934 4413 2078 4469 urbis,
2120 4428 2314 4459 minonae
2361 4413 2666 4476 lutto-umque

192 4485 339 4528 pora-n
376 4473 553 4516 sactum
576 4483 666 4528 est,
689 4473 797 4519 cum
822 4473 1005 4519 Marius
1037 4475 1202 4521 consul
1221 4476 1396 4536 Jugur·
1458 4475 1748 4532 solemnium,
1769 4475 1985 4536 conisque
2007 4477 2071 4521 ad
2100 4474 2368 4535 ampliorem
2394 4475 2593 4536 gradum
2623 4476 2665 4521 ia

192 4534 322 4579 tham
356 4533 584 4580 Numidia»
609 4551 769 4596 regem
794 4536 982 4582 ‹levit-it.

251 4598 327 4641 20.
360 4597 434 4642 Er
461 4597 650 4658 Acium]
706 4598 829 4651 Quia
852 4599 1014 4644 nullibi
1040 4601 1136 4647 tale
1160 4600 1289 4646 urbis
1314 4616 1398 4647 no·

1458 4538 1638 4601 pri-mm
1657 4539 1892 4583 adscensus
1914 4542 2017 4582 esto.

1525 4603 1603 4645 36.
1646 4599 1960 4659 ρωποι-ἕω]
1993 4602 2081 4653 Qui
2101 4601 2255 4648 suerat
2278 4611 2499 4660 quoestor.
2523 4612 2665 4658 atque

193 4671 301 4705 men
330 4672 551 4719 apparet,
576 4660 761 4708 videtur
781 4675 903 4720 este,
926 4676 1031 4722 quie
1054 4662 1083 4711 ἰ
1104 4663 1159 4710 Τ.
1178 4662 1319 4711 Livio
1348 4676 1401 4713 et
1461 4664 1698 4728 dignitate
1720 4661 1968 4722 ampliore.
