3059 5050
1179 263 1460 333 LIBER
1500 262 1648 329 vll.
2518 271 2638 337 127

217 436 321 500 que
346 411 692 477 tollendam.
780 410 940 476 Haec
971 411 1020 476 si
1050 414 1265 496 gravia
1317 427 1421 477 aut
1448 414 1668 477 acerba
1694 410 2031 492 videantur,
2062 411 2251 476 multo
2280 412 2383 477 illa
2412 436 2554 499 gra-
2590 400 2605 415 ’

213 500 333 561 vius
360 499 646 561 aestimari
691 498 931 576 debere,
962 497 1201 577 liberoS,
1242 500 1535 582 conjuges
1574 498 1638 561 in
1660 558 1661 561 ,
1685 498 2024 561 servitutem
2072 498 2362 577 abstrahi,
2390 499 2557 585 ipsos

210 582 492 663 interfici3
535 605 672 667 quae
704 584 781 645 sit
807 604 1048 646 necesse
1078 583 1349 646 accidere
1373 582 1609 645 victiS.”
2312 580 2315 585 ’

282 666 427 731 XV.
459 668 748 731 Omnium
773 689 1068 731 consensu
1097 667 1211 731 bac
1254 668 1547 731 sententia
1572 666 1849 753 probata,
1880 688 2002 731 uno
2032 667 2130 731 die
2167 668 2427 752 amplius
2454 691 2553 733 xx.

203 755 375 817 urbes
402 751 750 836 Biturigum
797 754 1214 817 incenduntur.
1301 751 1444 816 Hoc
1490 753 1651 816 idem
1699 752 1766 815 fit
1794 752 1856 815 in
1897 752 2141 835 reliquis
2188 753 2551 819 civitatibus.
2596 759 2637 821 ⁵

199 835 272 901 In
318 838 597 901 omuibus
625 840 896 922 partibus
931 839 1209 902 incendia
1255 838 1754 922 conspiciuntur:
1821 859 1961 921 quae
1991 837 2100 901 etsi
2137 859 2363 921 magno
2411 862 2552 904 cum

198 922 407 987 dolore
453 944 661 986 omnes
703 923 988 1001 serebant,
1021 937 1218 986 tamen
1261 923 1377 985 hoc
1419 923 1533 986 sibi
1565 922 1763 986 solatii
1803 924 2243 1007 proponebant,
2274 925 2439 1007 quod
2469 947 2553 1003 se,

237 1029 383 1107 rope
428 1008 746 1093 explorata
774 1008 1044 1086 victoria,
1075 1009 1348 1071 celeriter
1380 1009 1601 1071 amissa
1645 1023 2102 1092 recuperaturos
2145 1009 2550 1074 confidebant.

195 1028 583 1156 fiehberatur
611 1094 686 1156 de
713 1094 980 1161 Avarico
1011 1094 1074 1156 in
1102 1094 1410 1157 communi
1439 1093 1723 1170 concilia,
1753 1093 1993 1155 incendi
2022 1092 2304 1176 placeret,
2336 1118 2415 1159 an
2448 1096 2552 1160 de·

196 1176 371 1241 sendi.
460 1177 881 1241 Procumbunt
912 1178 1106 1258 Gallis
1135 1178 1416 1240 omnibus
1440 1179 1522 1241 ad
1546 1178 1726 1263 pedes
1755 1176 2085 1260 Bituriges,
2118 1184 2155 1215 ‘⁴
2178 1200 2253 1241 ne
2275 1179 2639 1262 pulcher-10

194 1263 406 1327 rimam
452 1262 646 1347 prope
691 1264 873 1327 totius
922 1261 1146 1326 Galliae
1177 1265 1406 1340 urbem,
1438 1284 1578 1346 quae
1607 1276 1667 1324 et
1694 1263 1981 1347 praesidio
2010 1277 2068 1326 et
2097 1279 2450 1329 ornamento
2480 1267 2555 1330 sit

190 1346 436 1425 civitati,
463 1349 583 1411 suis
619 1349 898 1411 manibus
928 1349 1288 1411 succendere
1317 1362 1708 1431 cogerentur:
1753 1348 1931 1410 facile
1964 1370 2025 1410 se
2055 1347 2177 1411 loci
2204 1349 2422 1413 natura
2449 1352 2554 1414 de-

187 1430 460 1495 fensuros
505 1434 732 1512 dicunt,
781 1433 945 1516 quod
976 1434 1169 1518 prope
1217 1455 1295 1497 ex
1344 1435 1625 1499 omnibus
1671 1435 1942 1518 partibus
1973 1434 2218 1497 flumine
2246 1448 2305 1498 et
2332 1436 2556 1519 palude

185 1517 579 1595 circumdata,
607 1540 795 1581 unum
828 1520 1049 1581 habeat
1083 1532 1143 1580 et
1170 1533 1605 1605 perangustum
1636 1519 1928 1583 aditum.’'
1986 1516 2189 1582 Datur
2216 1521 2559 1604 petentibus

183 1602 382 1680 venia,
436 1603 820 1667 dissuadente
865 1603 1063 1687 primo
1112 1602 1635 1749 Vercingetorigi?
1727 1606 1824 1666 ost
1873 1605 2260 1681 concedente,
2313 1620 2373 1668 et
2417 1613 2636 1690 pre-15

178 1686 359 1832 {ibus
404 1689 694 1772 ipsorum,
739 1702 800 1750 et
828 1688 1243 1751 misericordia
1285 1688 1477 1771 vulgi.
1633 1627 1931 1753 egusores
1960 1688 2165 1751 idonei
2194 1690 2423 1773 oppido
2452 1692 2557 1757 de-

319 1785 490 1835 ntur:

222 1793 452 1919 εἰνὶ
481 1854 953 1937 Vercingetorix
982 1854 1319 1918 minoribus
1349 1852 1667 1918 Caesarem
1714 1854 2027 1917 itineribus
2075 1857 2472 1939 subsequitur,
2501 1875 2563 1922 et

169 1937 393 2001 locum
435 1939 648 2003 castris
675 1939 908 2022 deligit,
951 1939 1275 2024 paludibus
1305 1938 1590 2022 silvisque
1618 1939 1935 2017 munitum,
1966 1940 2045 2001 ab
2073 1940 2343 2004 Avarico
2369 1942 2559 2025 longe

173 2022 380 2087 millia
402 2046 686 2109 passuum
715 2046 813 2087 xv.
870 2024 967 2089 Ibi
989 2045 1102 2108 per
1122 2038 1317 2088 certos
1340 2025 1757 2108 exploratores
1775 2023 1840 2087 in
1868 2022 2108 2107 singula
2125 2025 2245 2088 diei
2271 2033 2645 2111 tempora‚20

171 2130 326 2191 quae
355 2110 434 2173 ad
458 2110 789 2173 Avaricum
814 2122 1155 2195 agerentur,
1185 2111 1625 2192 cognoscebat3
1667 2122 1727 2172 et
1756 2109 1903 2192 quid
1921 2109 2050 2171 fieri
2080 2102 2277 2187 vellet,
2303 2112 2564 2197 impera-

171 2195 318 2257 bat:
363 2215 572 2257 omnes
611 2207 846 2258 nostras
888 2194 1309 2278 pabulationes
1355 2194 1967 2277 frumentationesque
2013 2195 2392 2275 observabat,
2443 2199 2565 2262 dis-

174 2299 510 2364 persosque
539 2301 724 2363 quum
753 2279 996 2363 longius
1026 2279 1362 2342 necessario
1394 2280 1827 2365 procederent,
1856 2278 2258 2359 adoriebatur,
2303 2303 2562 2366 magno-

175 2386 298 2447 que
329 2364 720 2429 incommodo
750 2364 1088 2429 afficiebat:
1133 2364 1242 2427 etsi
1271 2379 1563 2464 quantum
1596 2365 1829 2427 ratione
1827 2363 2162 2512 ίΚτονὶᾰενὶ
2192 2380 2449 2449 poterat,
2481 2370 2561 2433 ab

174 2450 424 2549 postriS,
485 2451 936 2530 occurrebatur,
983 2463 1052 2514 ut
1106 2449 1348 2515 incertis
1403 2449 1777 2536 temporibus
1871 2449 2197 2534 'versisque
2248 2450 2669 2519 itineribuszs'*

174 2549 386 2598 iretur.

255 2619 480 2684 XVII.
526 2618 759 2683 Castris
790 2618 867 2682 ad
888 2639 1020 2681 eam
1051 2633 1284 2704 partem
1315 2620 1525 2704 oppidi
1550 2620 1780 2704 positis,
1803 2620 2040 2704 Caesar,
2059 2645 2200 2708 qum
2221 2625 2561 2690 intermissa

172 2705 213 2769 a
241 2705 498 2769 flumine
520 2720 580 2769 et
607 2705 828 2805 palude
858 2704 1107 2783 aditum,
1137 2718 1206 2767 ut
1232 2706 1414 2789 supra
1454 2706 1741 2783 diximus,
1774 2723 2097 2806 angustum
2129 2710 2411 2790 habebat,
2444 2733 2557 2794 ag-

172 2812 732 2940 Ξῗὲἓιῗέἓέἳῗὲ
757 2791 1602 2958 Ἔῗᾳᾟῗοῖἰῑέἒῖιῗὸἱ
1615 2805 2649 2962 Ὑέῗὲἴέἓιὲἓῗὲἳέοῖἷέῗὲἑω

169 2959 424 3026 AEduos
455 2961 757 3025 adhortati
799 2981 924 3022 non
951 2960 1209 3022 desistit:
1254 2980 1513 3040 quorum
1547 2959 1739 3036 alteri,
1769 2959 1933 3041 quod
1980 2962 2148 3024 nullo
2179 2963 2376 3025 studio
2419 2985 2565 3045 age-

172 3047 348 3126 bant,
387 3065 512 3110 non
541 3046 796 3110 multum
827 3045 1238 3126 adjuvabant:
1283 3043 1457 3106 alteri
1487 3063 1612 3105 non
1663 3043 1905 3125 magnis
1945 3043 2350 3122 facultatibus,
2398 3047 2567 3129 quod

172 3132 403 3196 civitas
430 3145 560 3195 erat
587 3131 814 3213 exigua
841 3142 901 3191 et
929 3129 1190 3207 infirma,
1234 3127 1507 3191 celeriter
1552 3127 1718 3210 quod
1765 3128 2124 3207 habuerunt,
2178 3151 2567 3217 consumpse·

171 3231 336 3281 runt.
462 3216 717 3280 Summa
765 3214 1116 3279 difficultate
1162 3214 1249 3278 rei
1305 3212 1716 3276 frumentariae
1768 3212 1983 3276 affecto
2030 3216 2321 3294 exercitu,
2374 3215 2569 3280 tenui-

173 3315 295 3366 tate
345 3300 676 3379 Boiorum,
729 3299 1111 3381 indiligentia
1155 3298 1523 3375 AEduorum,
1581 3298 1876 3362 incendiis
1905 3293 2328 3378 aedificiorum,
2378 3304 2651 3402 usque35

171 3387 267 3465 eo,
319 3401 398 3450 ut
441 3387 784 3472 complures
829 3386 958 3448 dies
990 3384 1204 3448 milites
1233 3384 1535 3447 frumento
1558 3383 1879 3462 caruerint,
1909 3398 1969 3447 et
1995 3407 2217 3471 pecore
2246 3386 2284 3449 a
2323 3386 2567 3470 longui-

170 3473 501 3554 qaioribus
556 3472 707 3534 vicis
749 3472 993 3548 adacto,
1044 3485 1377 3532 extremam
1429 3468 1649 3532 famem
1677 3483 2103 3534 sustentarent:
2149 3472 2318 3538 nulla
2362 3485 2567 3538 tamen

169 3557 300 3622 vox
333 3570 430 3621 est
476 3559 556 3621 ab
585 3557 658 3620 iis
706 3557 917 3622 audita
944 3555 1156 3639 populi
1179 3554 1365 3618 Rom.
1421 3559 1729 3642 majestate
1757 3567 1816 3617 et
1863 3577 1931 3618 su
1974 3556 2269 3622 erioribus
2297 3558 2567 3622 victoriis

169 3642 462 3726 indigna.
551 3641 719 3726 Quin
751 3641 931 3703 etiam
964 3639 1200 3718 Caesar,
1232 3661 1417 3723 quum
1441 3641 1505 3704 in
1535 3661 1719 3723 opere
1760 3640 1939 3722 singu
1966 3663 2031 3703 as
2060 3641 2332 3724 legiones
2359 3641 2569 3726 appel-

166 3725 358 3806 laret,
387 3743 468 3806 et,
500 3726 551 3792 si
580 3727 857 3794 acerbius
897 3725 1166 3810 inopiam
1206 3724 1443 3803 ferrent,
1493 3747 1556 3789 se
1609 3724 1991 3789 dimissurum
2045 3726 2654 3811 oppugnationem&

167 3812 446 3892 diceret:
487 3813 748 3876 universi
780 3813 862 3876 ab
889 3833 984 3889 eo,
1014 3832 1090 3874 ne
1118 3810 1179 3874 id
1213 3811 1453 3888 faceret,
1484 3811 1798 3895 petebant:
1828 3811 1966 3872 “sic
1991 3832 2054 3874 se
2081 3811 2427 3897 complures
2454 3831 2566 3874 an-

167 3918 291 3962 nos
323 3898 438 3962 illo
465 3898 799 3983 imperante
841 3898 1146 3974 meruisse,
1177 3907 1243 3958 ut
1270 3895 1500 3960 nullam
1546 3895 1944 3978 ignominiam
1994 3896 2356 3981 acciperent,
2405 3915 2565 3962 nun·

168 4001 373 4066 φησι
404 3982 627 4048 insecta
653 4003 722 4046 re
747 3981 1152 4046 discederent:
1197 3982 1315 4045 hoc
1344 4002 1408 4044 se
1435 3980 1793 4063 ignominia:
1822 3980 2051 4044 laturos
2092 3981 2250 4058 loco,
2281 3981 2330 4044 si
2361 3980 2569 4064 incep-

169 4079 308 4132 tam
359 4069 881 4153 oppugnationem
905 4067 1313 4150 reliquissent:
1357 4079 1648 4150 praestare
1672 4087 1881 4129 omnes
1903 4066 2165 4151 perferre
2189 4066 2567 4141 acerbitates,

161 4154 374 4235 'quam
398 4174 526 4218 non
552 4154 785 4216 civibus
807 4151 890 4216 R.
922 4152 1027 4236 qui
1060 4151 1299 4215 Genabi
1329 4150 1587 4235 perfidia
1613 4150 1932 4215 Gallorum
1962 4149 2319 4228 interissent,
2349 4151 2657 4234 paren-40

173 4238 450 4304 tarent?
536 4235 695 4303 Haec
723 4239 936 4301 eadem
966 4238 1418 4302 centurionibus
1444 4233 1820 4320 tribunisque
1866 4236 2038 4300 milit.
2069 4236 2464 4310 mandabant,
2507 4246 2575 4295 ut

169 4344 295 4407 per
323 4345 440 4388 eos
463 4324 545 4388 ad
569 4322 886 4387 Caesarem
905 4322 1293 4388 deferrentur.

243 4491 330 4537 13.
354 4488 573 4538 Πυπιίηε
595 4494 638 4538 et
655 4487 829 4553 palude
849 4487 1165 4550 circumdala]
1189 4490 1391 4537 Flumen
1446 4489 1585 4553 justa
1605 4487 1802 4536 solvere.
1866 4486 1931 4559 ῌι
1952 4482 2295 4559 metaphorice,
2316 4483 2463 4533 occisi
2482 4498 2669 4559 pare-3,

173 4554 357 4600 Aram
387 4562 476 4610 eat,
507 4554 636 4602 unde
659 4551 764 4599 urbi
785 4565 976 4599 nomen.
1038 4551 1132 4599 Est
1158 4559 1208 4599 et
1236 4552 1392 4613 palm,
1452 4552 1516 4600 tis
1537 4552 1614 4599 vel
1636 4550 1891 4610 propinqus
1927 4548 2135 4598 homini-
2166 4547 2399 4599 ultionem
2434 4561 2660 4609 ροηηω

173 4614 288 4675 qua
311 4622 453 4673 poste
474 4624 609 4664 vetus
629 4615 860 4675 oppidum
874 4622 962 4660 est.
1459 4623 1508 4662 et
1531 4629 1726 4676 poenam
1747 4625 2016 4673 reposcere.

237 4677 334 4725 40.
359 4675 702 4740 Pru-mma]
736 4676 829 4726 But
854 4676 1094 4728 defunctis
1118 4677 1397 4738 parentibus
