3059 5050
1245 240 1536 310 LIBER
1575 240 1752 309 vm.
1797 343 1801 347 .
2618 253 2727 313 161

295 389 585 466 fecerunt,
615 410 777 473 saepe
806 389 1036 452 amissis
1060 393 1464 475 superioribus
1493 393 1641 456 locis
1670 393 1848 473 quam
1880 412 1942 454 se
1961 393 2148 455 autin
2175 409 2375 456 castra
2402 413 2645 459 suorum

213 490 216 497 ·
300 476 650 558 reciperent,
677 488 782 536 aut
809 474 1082 537 nonnulli
1113 497 1337 559 pavore
1377 479 1573 540 coacti
1612 477 1852 557 long-ius
1882 476 2284 560 profugerent.
2314 493 2319 499 ·
2372 476 2649 560 Quorum

298 558 567 642 periculo
621 559 704 621 sic
751 579 960 620 omnes
1010 560 1207 643 copiae
1257 575 1397 623 sunt
1439 562 1822 644 perturbatae,
1870 574 1936 622 ut
1979 561 2084 621 vix
2119 562 2382 641 judicari
2430 576 2649 646 posset,

298 644 498 706 utrum
528 642 803 705 secundis
832 643 1146 726 nimiisque
1189 647 1362 707 rebus
1403 645 1834 722 insolentiores,
1878 666 1958 706 an
2004 644 2289 721 adversiS,
2333 648 2647 710 mediocri-

298 728 410 790 bus
453 749 529 790 ue
551 727 880 789 timidiores
908 740 1118 789 essent.
2690 735 2731 793 5

483 810 559 873 V.
607 810 1038 895 Complurimis
1068 812 1275 877 diebus
1304 813 1509 875 iisdem
1553 814 1616 876 in
1646 814 1857 875 castris
1885 814 2267 897 consumptiS‚
2298 835 2477 895 quum
2509 837 2650 897 pro-

299 895 437 980 pius
467 896 781 958 accessisse
804 895 1085 977 legiones,
1110 910 1171 958 et
1198 897 1276 959 C.
1300 897 1677 960 Trebonium
1707 898 1991 981 legatum,
2036 898 2493 980 cognovissent3
2536 900 2648 960 du-

300 1001 399 1042 ces
428 979 913 1056 Bellovacorum,
937 981 1109 1042 veriti
1139 982 1391 1044 similem
1421 983 1822 1044 obsessionem
1861 983 2105 1058 Alesioe,
2138 998 2316 1044 noctu
2346 983 2652 1044 dimittunt

297 1085 422 1140 eos,
453 1085 604 1146 quos
633 1078 736 1126 aut
776 1078 949 1126 aetate
979 1078 1083 1125 aut
1103 1066 1330 1128 viribus
1352 1066 1681 1137 inferiores,
1712 1080 1816 1127 aut
1860 1068 2112 1128 inermes
2158 1066 2476 1142 habebant,
2502 1067 2651 1128 una-

301 1170 418 1230 que
445 1150 676 1231 reliqua
704 1149 1164 1232 impedimenta:
1210 1172 1464 1232 quorum
1493 1152 1902 1233 perturbatum
1926 1166 1986 1213 et
2013 1150 2324 1212 confusum
2370 1152 2513 1216 dum
2539 1155 2731 1212 ενι-10

300 1233 530 1316 plicant
552 1253 768 1314 agmen
793 1232 1048 1330 (magna
1069 1234 1234 1295 'enim
1265 1234 1584 1296 multitudo
1612 1254 1920 1296 carrorum
1948 1235 2128 1297 etiam
2151 1236 2463 1317 expeditos
2486 1236 2651 1316 sequi

304 1316 515 1379 Gallos
543 1316 876 1401 consuevit)
905 1318 1174 1400 oppressi
1204 1319 1336 1380 luce
1376 1320 1585 1402 copias
1615 1330 1978 1380 armatorum
2027 1340 2138 1402 pro
2189 1320 2309 1379 suis
2357 1320 2653 1389 instruunt

300 1403 537 1480 castris;
581 1423 655 1462 ne
683 1402 849 1483 prius
873 1400 1139 1463 Romani
1166 1405 1436 1485 persequi
1462 1425 1523 1465 se
1555 1404 1903 1486 inciperent,
1946 1406 2123 1485 quam
2155 1403 2396 1484 longius
2433 1424 2652 1484 agmen

300 1485 858 1569 impedimentorum
906 1507 1147 1548 suorum
1195 1490 1595 1571 processisset.
1684 1489 1765 1549 At
1810 1486 2028 1550 Cat-sar
2073 1508 2263 1568 neque
2320 1488 2651 1549 resistentes

298 1584 469 1632 tanto
496 1570 667 1632 collis
696 1571 984 1637 adscensu
1016 1570 1390 1633 lacessendos
1407 1573 1757 1651 judicabat;
1802 1593 1993 1653 neque
2023 1593 2143 1633 non
2174 1593 2361 1653 usque
2397 1571 2470 1633 eo
2502 1572 2730 1653 legi-15

301 1675 445 1716 ones
474 1654 901 1730 admovenda,
932 1668 997 1716 ut
1024 1654 1328 1718 discedere
1368 1677 1444 1717 ex
1475 1678 1549 1717 eo
1578 1656 1716 1717 loco
1746 1658 1873 1718 sine
1901 1655 2167 1738 periculo
2198 1657 2458 1733 barbari,
2490 1657 2646 1717 mili-

297 1739 457 1801 tibus
481 1739 855 1814 instantibus,
887 1760 1008 1800 non
1034 1754 1312 1821 possent:
1356 1740 1440 1799 ita
1464 1760 1645 1820 quum
1672 1740 1950 1822 paludem
1991 1739 2337 1821 impeditam
2376 1742 2415 1801 a
2447 1740 2654 1801 castris

299 1836 502 1885 castra
529 1822 795 1884 dividere
826 1822 991 1905 (quae
1016 1823 1359 1883 transeundi
1389 1823 1707 1883 difficultas
1734 1822 2093 1883 celeritatem
2138 1823 2486 1904 insequendi
2529 1838 2648 1885 tar-

301 1906 451 1968 dare
473 1904 731 1989 posset);
775 1919 952 1987 atque
982 1906 1044 1968 id
1074 1907 1316 1986 jugum,
1345 1906 1507 1987 quod
1550 1920 1714 1967 trans
1754 1905 2034 1988 paludem
2076 1905 2229 1988 pene
2273 1908 2351 1968 ad
2400 1907 2653 1968 hostium

300 2005 502 2053 castra
524 1991 859 2073 pertineret,
891 1990 1176 2051 mediocri
1206 1989 1362 2051 valle
1389 1990 1427 2051 a
1448 1990 1657 2052 castris
1676 2011 1883 2052 eorum
1914 1990 2251 2051 intercisum
2281 1992 2736 2055 animadver-zo

299 2088 478 2154 teret3
523 2076 804 2158 pontibus
845 2074 1067 2156 palude
1095 2074 1414 2149 constrata,
1463 2061 1737 2154 legiones*
1777 2075 2125 2150 transducit,
2174 2074 2557 2156 celeriterque
2595 2076 2657 2138 in

303 2181 597 2222 summam
623 2158 931 2242 planitiem
948 2159 1088 2238 jugi
1120 2160 1415 2240 pervenit3
1459 2179 1599 2239 quae
1628 2158 1845 2220 declivi
1877 2157 2116 2238 fastigio
2145 2160 2380 2219 duobus
2404 2161 2481 2221 ab
2509 2159 2659 2221 late-

299 2245 465 2305 ribus
491 2244 884 2305 muniebatur.
972 2239 1066 2303 Ibi
1097 2242 1433 2323 legionibus
1455 2242 1756 2304 instructis
1787 2243 1865 2303 ad
1910 2242 2179 2302 ultimum
2197 2243 2418 2323 jugum
2444 2264 2655 2326 perve-

300 2328 418 2390 nit:
464 2328 771 2409 aciemque
795 2347 871 2389 eo
898 2326 1036 2388 loco
1064 2327 1388 2404 constituit,
1418 2327 1579 2388 unde
1621 2339 1917 2389 tormento
1941 2327 2121 2388 missa
2148 2326 2266 2388 tela
2306 2327 2367 2388 in
2396 2328 2654 2390 hostium

301 2433 524 2475 cuneos
552 2413 770 2494 conjici
802 2424 1060 2495 possent.
2653 2414 2735 2475 25

386 2496 533 2560 XV.
578 2496 838 2560 Barbari
869 2496 1081 2558 confisi
1111 2496 1228 2559 loci
1257 2496 1490 2574 natura,
1538 2518 1720 2579 quum
1752 2497 2038 2560 dimicare
2061 2518 2184 2559 non
2214 2510 2571 2580 recusarent,
2603 2497 2652 2558 si

303 2583 457 2645 forte
502 2582 767 2645 Romani
798 2582 996 2643 subire
1019 2581 1234 2644 collem
1259 2596 1637 2658 conarentur,
1686 2582 2113 2666 paullatimque
2140 2583 2347 2666 copias
2375 2582 2653 2644 distribu-

303 2684 394 2729 tas
423 2668 719 2730 dimittere
742 2688 863 2729 non
888 2667 1191 2743 auderent,
1216 2687 1325 2729 nec
1346 2667 1594 2749 dispersi
1698 2667 2125 2743 rturbarentur,
2148 2667 2207 2727 in
2228 2668 2356 2728 acie
2375 2688 2652 2749 perman·

304 2765 522 2814 serunt.
610 2752 884 2834 Quorum
915 2751 1248 2833 pertinacia
1282 2752 1549 2831 cognita,
1581 2687 1798 2813 Offensu-
1826 2772 1927 2812 xx.
1958 2752 2304 2813 cohortibus
2334 2751 2649 2826 instructiS,

302 2838 628 2919 castrisque
655 2858 730 2898 eo
759 2836 898 2897 loco
920 2849 948 2879 ⁸
982 2836 1234 2911 metatis»,
1272 2836 1491 2897 muniri
1533 2837 1710 2916 jubet
1755 2849 1981 2911 castra3
2026 2835 2312 2896 absolutis
2354 2836 2736 2916 operibuS‚30

304 2921 569 3004 legiones
600 2942 710 3003 pro
735 2920 898 2982 vallo
924 2918 1244 2981 instructas
1272 2919 1561 2980 collocat:
1604 2920 1835 2999 equites
1859 2918 2123 2979 frat-natis
2164 2919 2331 2998 equis
2359 2920 2420 2977 in
2451 2921 2653 2978 statio-

303 3006 477 3067 nibus
514 3006 794 3088 disponit.
883 3003 1217 3078 Bellovaci‚
1258 3022 1441 3084 quum
1483 3001 1801 3063 Romanos
1843 3002 1923 3062 ad
1948 3000 2371 3082 insequendum
2412 3013 2654 3082 paratos

299 3091 590 3167 viderent,
616 3110 807 3171 neque
836 3100 1211 3172 pernoctare,
1240 3106 1433 3167 neque
1460 3085 1684 3147 diutius
1723 3105 2072 3170 permanere
2114 3085 2242 3145 sine
2284 3084 2523 3145 cibariis
2552 3105 2654 3145 eo-

300 3175 436 3236 dem
475 3176 613 3237 loco
641 3188 900 3258 possent,
952 3173 1072 3235 tale
1118 3170 1432 3233 consilium
1462 3168 1554 3230 sui
1611 3168 1936 3252 recipiendi
1983 3168 2269 3229 inierunt:
2313 3166 2520 3242 fasce8‚
2552 3168 2653 3229 ubi

298 3261 697 3322 consederant
753 3279 895 3320 nam
925 3258 988 3320 in
1018 3256 1147 3319 acie
1190 3256 1392 3317 sedere
1418 3253 1632 3315 Gallos
1671 3252 2011 3327 consuesse,
2056 3251 2460 3334 superioribus
2489 3255 2734 3313 com-35

236 3408 245 3415 ,
298 3345 604 3406 mentariis
633 3344 742 3406 dec
767 3356 1000 3404 aratum
1024 3338 1136 3425 est)
1171 3351 1627 3418 stramentorum
1657 3359 1729 3400 ac
1760 3335 2179 3418 virgultorum,
2211 3351 2465 3416 quorum
2496 3356 2655 3396 sum·

297 3448 400 3491 ma
426 3443 558 3492 erat
574 3429 636 3490 in
662 3427 871 3490 castris
899 3426 1097 3508 copia,
1123 3446 1231 3508 per
1259 3443 1470 3485 manus
1500 3422 1654 3484 inter
1677 3443 1739 3484 se
1767 3420 2111 3497 transditos,
2142 3433 2281 3482 ante
2316 3420 2503 3482 aciem
2529 3420 2655 3482 col·

299 3512 679 3593 locaverunt;
720 3525 1109 3591 extremoque
1136 3523 1402 3591 tempore
1425 3507 1566 3583 diei,
1597 3508 1771 3587 signo
1800 3507 2206 3590 pronuntiato,
2237 3525 2357 3567 uno
2387 3518 2657 3588 tempore

299 3597 709 3661 incenderunt.
796 3594 892 3662 Ita
914 3593 1224 3656 continens
1253 3592 1498 3653 flamma
1524 3592 1733 3674 copias
1762 3610 1968 3652 omnes
1998 3589 2241 3672 repente
2273 3589 2310 3651 a
2331 3602 2655 3673 conspectu

297 3684 448 3745 texit
470 3682 910 3745 Romanorum.
999 3678 1183 3759 Quod
1212 3676 1317 3738 ubi
1360 3675 1598 3752 accidit,
1643 3674 1883 3738 barbari
1930 3673 2443 3736 vehementissimo
2476 3676 2737 3734 cursu40

296 3766 599 3849 sug-erunt.
1760 3791 1765 3798 ·

1275 3880 1310 3912 ι
1333 3864 1502 3913 emeres
1518 3864 1588 3912 un·
1601 3864 1774 3928 positia.

364 3991 434 4037 ll.
466 3990 651 4052 Magna
669 3989 793 4039 enim
820 3988 1064 4038 nutlliludo
1086 3988 1355 4048 carronm]
1392 3988 1488 4034 Ex·
1552 3989 1727 4036 vidisse
1747 4003 1832 4047 per
1844 3990 2000 4047 spatia
2022 3989 2334 4046 ambulantes,
2354 4003 2548 4048 seseque
2569 3990 2734 4037 identi-

292 4053 445 4111 pediti
466 4052 688 4099 dicuntur
702 4052 781 4111 qui
804 4053 956 4099 levem
979 4058 1271 4097 armatarum
1291 4051 1488 4105 babent,
1551 4050 1660 4096 dem
1681 4059 1933 4108 vertentes,
1969 4066 2086 4110 quos
2122 4051 2330 4098 insanire
2361 4052 2579 4098 arbitrati
2602 4067 2733 4098 aver-

294 4122 346 4160 et
366 4122 479 4161 sunt
499 4114 845 4173 impedimentis
870 4113 1026 4160 vacui.
1065 4135 1070 4142 ·
1550 4118 1651 4157 tere
1682 4120 1942 4171 creperum,
1963 4121 2010 4160 et
2032 4114 2248 4160 manibus
2270 4113 2551 4171 nutibusque
2574 4115 2635 4160 ad
2656 4128 2733 4159 eo·

356 4177 433 4223 35.
464 4176 592 4223 Nam
613 4174 662 4223 in
699 4175 797 4223 acis
829 4176 979 4223 sedere
1025 4173 1182 4222 Gallos
1210 4172 1483 4232 comessa]
1550 4188 1655 4218 rum
1676 4175 1878 4221 tentoria
1900 4176 2213 4231 deduxerunt,
2237 4174 2372 4232 quasi
2394 4183 2477 4221 aut
2498 4173 2645 4221 otiose
2666 4190 2734 4222 se·

291 4237 355 4286 In
376 4236 467 4284 otio
488 4238 603 4299 legit
625 4238 825 4295 Lipsius.
891 4238 991 4283 Nec
1026 4233 1152 4282 certe
1189 4237 1236 4282 in
1270 4236 1377 4281 acie
1416 4249 1486 4279 se·
1551 4236 1758 4281 dendum
1780 4244 1918 4292 esset,
1949 4245 2033 4282 aut
2053 4237 2376 4294 pugnandum.
2440 4235 2570 4282 Idem
2592 4237 2737 4283 habet

292 4301 408 4345 dere
430 4299 558 4356 licet,
579 4300 660 4346 ubi
680 4299 755 4346 vel
777 4300 1015 4353 standum,
1035 4298 1110 4344 vel
1126 4297 1480 4345 ambulandum.
1544 4296 1778 4353 AElianus,
1801 4297 1880 4344 lib.
1904 4312 1958 4345 n.
1981 4311 2072 4355 cap
2112 4311 2157 4342 v.
2219 4297 2354 4349 Quod
2378 4305 2535 4342 autem
2558 4300 2733 4355 superi-

294 4359 472 4408 Sedere
508 4369 668 4408 autem
691 4360 834 4415 Galli,
871 4359 966 4405 imo
986 4368 1034 4405 et
1056 4359 1282 4404 Germani
1307 4359 1480 4415 Hispa·
1543 4359 1701 4403 oribus
1718 4360 2011 4405 declaratum
2039 4359 2087 4403 id
2108 4372 2213 4403 esse
2233 4359 2587 4405 commentariis
2609 4375 2735 4408 cotn—

292 4422 437 4481 nique
471 4423 704 4471 solebant.
765 4421 970 4468 Romani
1000 4420 1075 4465 vel
1112 4420 1372 4475 ambulare,
1410 4419 1482 4464 vel
1545 4429 1850 4475 memoratur,
1883 4427 2164 4479 arg-umento
2200 4429 2271 4465 est
2308 4426 2357 4466 et
2393 4421 2515 4466 hanc
2550 4430 2736 4478 partem

279 4483 467 4544 jacere.
540 4486 729 4540 Strabo,
771 4483 851 4529 lib.
895 4496 968 4529 m.
1011 4481 1202 4528 scribit:
1253 4481 1484 4528 Vectones
1547 4482 2009 4537 commentariorum,
2031 4489 2084 4526 ut
2114 4488 2162 4526 et
2184 4479 2298 4530 alias
2322 4488 2587 4542 temporum
2611 4484 2734 4543 inju-

290 4544 434 4620 (ἔξω
471 4555 544 4593 est
568 4545 855 4605 Hispanica)
893 4545 958 4589 ad
975 4542 1198 4589 Romana
1227 4551 1386 4590 castra
1406 4557 1484 4588 ve·
1548 4542 1619 4591 ria
1641 4542 1948 4599 intercidisse,

197 4625 206 4628 ·
290 4621 437 4670 mse,
458 4608 616 4668 ibique
637 4609 870 4668 quosdam
882 4604 1181 4655 centuriones
1198 4613 1244 4652 et
1267 4606 1482 4654 tribunos
