3059 5050
977 288 1106 355 DE
1148 286 1457 356 BELLO
1499 288 1854 358 HISPAN.
1919 349 1923 353 ,
2546 299 2669 361 391

206 440 409 508 hostes
436 440 739 518 saevirent,
770 454 829 502 et
852 438 1019 502 illinc
1050 441 1346 503 saevitiam
1379 440 1730 523 rabiemque
1757 439 2072 504 hominum
2103 440 2299 506 maria
2345 463 2590 507 coerce-

208 544 358 606 rent,
385 530 637 609 utraque
659 527 872 605 classe,
892 524 1053 588 bello
1074 525 1252 587 simul
1274 539 1336 588 et
1357 526 1683 608 naufragio
1708 526 2043 603 laborante,
2063 528 2206 591 duae
2223 541 2444 612 partes,
2464 530 2589 593 duo

208 616 421 691 maria,
480 612 708 696 duplex
760 611 947 687 furor,
1004 613 1147 673 duae
1200 610 1631 674 elementorum
1686 626 1867 694 atque
1919 612 2229 675 hominum
2257 615 2591 698 ,procellae.

206 699 329 762 Per
350 700 462 761 hos
484 700 614 760 dies
638 698 677 763 ὁ,
695 696 1068 760 Caesarianis
1097 696 1219 757 duo
1245 697 1474 779 pedites
1497 698 1662 781 capti
1689 712 1845 773 sunt,
1866 697 1968 779 qui
1988 718 2052 759 se
2077 719 2281 761 servos
2298 700 2586 763 dicerent.

206 784 355 847 Non
386 784 557 847 licuit
581 784 643 846 in
672 783 765 845 his
796 781 1035 845 Caesari
1064 802 1233 843 suam
1255 782 1751 844 consuetudinem
1777 803 2034 844 servare.
2133 784 2476 866 Antequam
2510 788 2590 849 ad
2633 791 2672 849 5

204 892 344 933 eum
371 870 829 946 deducerentur,
850 867 1013 950 quod
1039 867 1078 929 ὁ,
1100 864 1463 930 Caesariano
1487 866 1755 929 exercitu
1782 868 2259 950 transfugissent,
2290 872 2590 952 recogniti

205 956 390 1018 etiam
423 955 462 1018 a
490 953 777 1017 militibus
820 952 1112 1015 interfecti
1171 967 1327 1015 sunt.
1414 951 1502 1015 Et
1545 953 1900 1015 tabelliones
1947 954 2131 1037 capti,
2158 955 2262 1037 qui
2293 955 2371 1016 ad
2402 953 2591 1018 Pom-

207 1042 416 1125 peium
471 1039 786 1103 Cordubae
839 1038 1250 1116 mittebantur,
1331 1038 1511 1100 etiam
1573 1038 1845 1121 praecisis
1893 1038 2059 1100 illico
2118 1040 2396 1102 manibus
2455 1054 2593 1105 sunt

208 1127 463 1189 remissi.
550 1123 839 1186 Similiter
885 1123 1228 1206 speculator
1280 1122 1437 1185 Pom
1521 1124 1697 1187 'anus
1741 1136 1976 1208 captus,
2007 1137 2189 1208 atque
2217 1125 2454 1189 occisus
2481 1142 2588 1190 est.

209 1211 419 1275 Credo
448 1231 567 1292 ego
597 1211 782 1271 iratos
836 1208 999 1271 bello
1046 1209 1285 1286 milites,
1333 1222 1394 1270 et
1472 1209 1834 1293 mperatoris
1880 1210 1970 1271 sui
2017 1230 2251 1273 morum
2310 1212 2589 1275 conscios
2609 1221 2694 1282 10

207 1310 389 1381 atque
416 1294 774 1372 clementiae,
805 1295 923 1356 hoc
956 1294 1203 1356 remedii
1236 1314 1427 1376 genus
1456 1295 1858 1377 excogitasse,
1892 1315 1967 1356 ne
2013 1296 2150 1378 quis
2200 1295 2414 1359 faciem
2464 1298 2610 1380 ejue3

203 1383 454 1458 videret,
487 1395 552 1443 ut
582 1381 668 1443 sic
715 1379 918 1443 nullus
945 1380 1246 1443 evaderet.
1335 1379 1696 1442 Cordubam
1721 1379 2007 1463 Pompeii
2036 1382 2343 1458 tenebant,
2373 1381 2612 1450 Coesas

136 1524 149 1533 .
202 1468 540 1530 obsidebat.
629 1464 761 1528 Illis
801 1480 1007 1528 tamen
1059 1465 1425 1542 absentibus,
1476 1465 1676 1527 multis
1719 1465 1804 1526 ibi
1848 1458 2029 1527 etiam
2081 1467 2320 1548 magnis
2366 1469 2611 1552 praelids

196 1554 577 1617 decertatum
622 1566 735 1615 est.
823 1549 1106 1633 Cumque
1153 1551 1252 1613 die
1296 1551 1562 1633 quodam
1606 1550 1782 1613 ferro.
1813 1565 1872 1614 et
1919 1551 2178 1614 flammis
2204 1552 2382 1617 solito
2411 1555 2606 1621 etiam

198 1639 452 1721 gravius
482 1650 877 1723 pugnaretur,
909 1635 1200 1720 oppidani
1240 1636 1333 1699 ira
1358 1637 1421 1699 in
1450 1635 1714 1699 furorem
1745 1635 1941 1713 versa,
1972 1637 2235 1721 hospites
2266 1639 2370 1721 qui
2401 1644 2605 1706 securi
2615 1650 2693 1710 15

198 1745 406 1787 secum
441 1725 587 1807 jure
616 1723 831 1786 veteris
879 1720 1122 1821 hospitii
1153 1723 1569 1800 morabantur,
1600 1722 1974 1870 inspectante
2005 1719 2274 1785 Caesaris
2303 1728 2607 1806 exercitu,

181 1810 511 1893 jugulatos
541 1809 576 1871 ὲ
609 1808 795 1871 muris
826 1809 1251 1892 praecipitare3
1308 1808 1481 1892 quasi
1510 1808 1698 1871 crude
1723 1809 1885 1877 itate,
1915 1828 2040 1869 non
2071 1809 2291 1871 virtute
2318 1810 2610 1878 victuariae

199 1911 597 1978 quaereretur,
647 1894 1043 1978 incoeperant.
1149 1894 1581 1978 Spectaculum
1636 1894 1916 1956 miserum
1972 1908 2154 1976 atque
2207 1895 2428 1958 horren
2441 1898 2609 1963 dum.

198 1981 348 2064 Qua
376 2002 443 2044 re
470 2003 547 2044 ex
579 1980 808 2063 gemitu
840 1979 1225 2043 morientium
1256 1979 1500 2042 audita:
1568 2000 1740 2055 unus,
1772 1980 1874 2062 qui
1906 1979 1986 2042 ad
2017 1979 2264 2042 tutelam
2296 1983 2465 2045 muri
2496 1986 2609 2047 sub

197 2080 425 2131 terram
458 2067 519 2129 in
551 2064 836 2129 cuniculo
865 2080 996 2129 erat
1009 2065 1419 2141 ‚exclamavitz
1464 2063 1722 2129 Teu-um
1771 2065 1962 2127 scelus
2010 2078 2070 2127 et
2115 2065 2380 2129 immane
2428 2068 2698 2153 flagi-20

199 2152 375 2231 tium,
429 2152 715 2235 nullaque
766 2172 891 2214 non
946 2151 1231 2214 barbarie
1283 2150 1703 2215 detestandum
1755 2150 2139 2213 commisistis
2193 2153 2433 2235 absque
2484 2155 2610 2219 ulla

200 2239 437 2302 caussa.
525 2236 699 2301 Nihil
723 2237 884 2299 enim
917 2236 1061 2305 mali
1092 2237 1497 2314 merebantur,
1526 2238 1633 2320 qui
1663 2236 1815 2299 nihil
1845 2236 1990 2298 mali
2019 2236 2325 2316 fecerant3
2387 2240 2497 2322 qui
2528 2243 2609 2304 ad

199 2345 313 2386 vos
341 2338 688 2406 vestrasque
717 2342 782 2386 se
811 2344 950 2386 aras
976 2336 1039 2389 et
1065 2321 1235 2385 focos
1263 2322 1526 2385 infausta
1555 2322 1781 2385 fiducia
1810 2323 2221 2385 contulissent.
2307 2322 2348 2386 J
2353 2346 2431 2387 us
2469 2326 2610 2388 hos-

201 2409 339 2493 pitii
368 2424 641 2472 sanctum
667 2408 948 2491 gentibus
978 2408 1093 2471 soli
1122 2430 1232 2471 vos
1258 2409 1588 2492 sprevisti3‚
1619 2431 1657 2471 a
1725 2430 1800 2470 ue
1846 2407 2078 2470 utinam
2110 2409 2417 2492 sprevisse
2445 2412 2610 2474 suffi-

203 2507 388 2558 ceret.
472 2492 816 2559 Inhumano
840 2494 992 2559 illud
1023 2492 1246 2558 scelere
1274 2493 1566 2558 violastis,
1734 2492 1862 2557 ulto
1909 2514 2152 2578 quoque
2180 2494 2246 2557 iu
2273 2494 2443 2560 hunc
2474 2503 2694 2564 sen-25

204 2582 456 2644 tentiam
485 2581 676 2644 dixit:
720 2602 977 2665 quorum
1007 2579 1375 2644 verecundia
1403 2580 1657 2665 repressi
1690 2581 1852 2643 cives
1882 2582 1961 2642 ab
1991 2580 2297 2663 hospitum
2334 2583 2611 2649 caedibus

204 2687 272 2728 se
315 2666 756 2730 continuerunt.
845 2665 953 2729 Sic
1002 2667 1302 2729 interdum
1352 2667 1528 2729 unius
1577 2667 1723 2729 boni
1771 2664 1885 2728 viri
1934 2664 2155 2728 multos
2203 2666 2369 2731 inter
2414 2669 2612 2733 malos

198 2751 399 2815 valuit
440 2753 655 2830 oratio,
686 2753 868 2816 etiam
900 2753 1055 2816 inter
1098 2752 1320 2830 hostes,
1368 2753 1552 2815 etiam
1600 2773 1775 2815 suum
1806 2752 2098 2814 honorem
2127 2751 2327 2815 virtus
2357 2754 2606 2819 invenit.

195 2835 303 2899 Ea
345 2859 439 2900 res
480 2837 673 2901 relatu
715 2836 1050 2921 transfugoe
1093 2837 1155 2900 in
1202 2838 1479 2901 exercitu
1512 2838 1775 2922 primum
1807 2835 2079 2899 Caesaris
2108 2837 2398 2902 innotuit.
2485 2839 2608 2904 Die

195 2924 488 3008 proximo
534 2921 779 2986 Tullius
824 2924 1072 3005 quidam
1118 2944 1259 2987 cum
1306 2922 1549 2985 Catone
1593 2923 1860 3004 quodam
1908 2920 2208 2988 Lusitano
2253 2922 2497 3005 legatus
2525 2930 2693 2991 exso

197 3009 435 3094 oppido
462 3009 540 3072 ad
567 3008 883 3072 Caesarem
913 3009 1098 3072 venit.
1185 3006 1388 3071 Hu'us
1418 3007 1617 3091 prima
1641 3028 1784 3091 pars
1813 3007 2107 3069 orationis
2137 3006 2251 3068 suit
2284 3023 2515 3091 optare,
2542 3025 2610 3073 ut

196 3116 344 3156 suus
367 3094 571 3182 potius
602 3094 905 3172 felicitate,
932 3095 1114 3177 quam
1145 3093 1207 3157 in
1238 3030 1399 3159 ilbus
1430 3092 1670 3154 miseria
1701 3091 2093 3177 praestitisset.
2185 3089 2364 3154 Finis
2407 3107 2607 3158 autem

193 3179 313 3242 suit
339 3202 400 3243 se
429 3180 469 3242 a
495 3179 801 3265 Pompeio
829 3181 1120 3258 desertos,
1143 3180 1337 3242 victos
1367 3178 1406 3242 a
1435 3178 1709 3255 Caesare,
1741 3198 1924 3260 seque
1950 3191 2010 3240 et
2037 3177 2340 3260 oppidum
2365 3177 2607 3260 dedere,

195 3279 384 3350 atque
406 3287 604 3344 orare,
634 3280 702 3329 ut
728 3265 1133 3344 clementiam,
1164 3285 1348 3349 quam
1378 3264 1555 3327 victis
1585 3263 1867 3346 gentibm
1898 3262 2275 3347 praebuisset,
2306 3264 2429 3326 suis
2458 3265 2607 3328 civi-

193 3353 314 3415 bus
340 3373 464 3416 non
494 3366 766 3435 negaret.
852 3349 1055 3414 Multa
1078 3364 1301 3435 praeter
1324 3352 1461 3414 hoec
1491 3349 1730 3413 loeutus
1759 3362 1867 3426 est,
1894 3370 2035 3432 quae
2065 3347 2431 3438 scriptorum
2456 3351 2693 3419 vitioss5

194 3437 455 3502 confusa
485 3437 592 3500 vix
623 3437 879 3519 intelligi
926 3450 1200 3522 possunt.
1293 3434 1505 3500 Unum
1553 3435 1705 3499 illud
1759 3435 1950 3498 intelli
1997 3434 2135 3512 ‘tur,
2186 3436 2353 3518 quod
2405 3437 2611 3500 multis

194 3521 362 3585 ultro
392 3522 667 3607 citroque
714 3523 892 3586 dictis
922 3538 1065 3586 tunc
1094 3522 1324 3586 deditio
1360 3544 1487 3586 non
1537 3522 1848 3605 processit.
1999 3520 2296 3597 rescebau
2327 3536 2394 3584 ut
2422 3523 2509 3599 fit,
2543 3523 2609 3587 in

191 3609 331 3671 dies
393 3609 654 3688 obsidio,
673 3630 788 3672 nec
806 3607 1141 3693 Pompeius
1156 3623 1572 3693 exspectatam
1597 3629 1775 3693 opem
1802 3621 1909 3670 aut
1931 3606 2181 3684 ferebat,
2197 3622 2310 3671 aut
2331 3607 2612 3673 mittebat

194 3694 480 3758 obsessis.
569 3694 739 3778 Quin
785 3695 970 3759 etiam
1000 3716 1115 3778 pro
1149 3695 1449 3760 concione
1477 3694 1704 3758 dixisse
1749 3692 2093 3772 serebatur3
2155 3707 2264 3755 aut
2309 3693 2604 3776 quoniam

192 3781 288 3842 eis
320 3780 553 3843 auxilio
583 3780 795 3845 adesse
824 3802 947 3844 non
978 3795 1199 3865 posset,
1230 3780 1342 3864 ipsi
1392 3794 1580 3842 noctu
1608 3779 1790 3842 etiam
1819 3778 2121 3846 beneficio
2149 3779 2536 3846 tenebrarum
2571 3780 2704 3844 ew

194 3881 535 3950 conspectu
564 3867 829 3930 hostium
860 3868 1205 3930 evaderent.
1295 3865 1485 3949 Quod
1513 3866 1653 3930 cum
1682 3864 1928 3942 diceret,
1955 3885 2140 3927 unum
2167 3885 2245 3928 ex
2271 3864 2613 3928 astantibus

193 3953 606 4036 respondisse,
649 3966 718 4015 ut
746 3974 977 4037 pugnae
1004 3952 1209 4037 potitis
1238 3952 1419 4036 quium
1463 3951 1633 4034 sugae
1663 3950 1908 4033 signum
1949 3951 2162 4030 darett
2211 3971 2474 4033 eumque
2504 3950 2612 4034 qui

193 4038 266 4100 id
291 4037 563 4115 dixisset,
590 4039 762 4121 quasi
790 4038 932 4102 duci
961 4038 1275 4121 ignaviam
1300 4038 1718 4122 exprobasset,
1743 4036 1877 4099 neci
1902 4037 2132 4100 datum.
2178 4034 2339 4099 Haec
2365 4057 2616 4118 quoque

195 4145 298 4185 res
345 4143 425 4185 ex
472 4123 512 4161 '¹‘
561 4122 839 4209 profugis
892 4125 1126 4207 agnita,
1181 4124 1341 4187 intus
1394 4144 1637 4207 quoque
1683 4121 1746 4184 in
1795 4122 2028 4206 oppido
2077 4122 2380 4205 angustiae
2430 4121 2470 4158 ἥ
2525 4123 2612 4183 ita

198 4230 446 4272 necesse
471 4223 581 4285 est,
603 4211 978 4274 crescebant.
1060 4209 1354 4273 Matrona
1379 4209 1416 4272 ὲ
1441 4230 1619 4272 muro
1644 4207 1923 4271 desiliens
1945 4207 2105 4271 dixit
2129 4230 2194 4271 se
2217 4229 2355 4270 cum
2388 4205 2704 4272 ancilla&

102 4343 113 4360 .
196 4295 315 4358 sua
342 4295 619 4360 statuisse
647 4295 1067 4379 transfugeret
1132 4294 1335 4373 illam,
1363 4295 1515 4357 sor'te
1563 4294 1816 4377 cognito
1846 4291 2182 4378 proposito,
2219 4292 2613 4376 jugulatam:

198 4402 267 4442 se
312 4380 463 4463 suga
506 4382 809 4466 praecipiti
856 4381 1136 4444 evasisse.
1223 4378 1510 4456 Tabellae
1559 4401 1803 4463 quoque
1832 4380 1872 4442 a
1899 4379 2089 4442 muris
2130 4381 2445 4462 projectae,
2476 4391 2618 4441 sunt
2689 4427 2697 4442 .

196 4467 510 4547 inventae3
581 4468 644 4531 in
690 4469 910 4551 quibus
939 4468 1027 4530 sic
1057 4467 1137 4530 ad
1188 4466 1449 4531 litteram
1500 4467 1791 4550 scriptum
1840 4477 1992 4541 erat,
2035 4461 2270 4527 Lucius
2297 4461 2617 4526 Munatius

199 4549 465 4616 Caesari.
544 4552 613 4616 Si
646 4554 795 4616 mihi
826 4554 1013 4616 vitam
1046 4553 1576 4637 tribuis,quoniam
1610 4551 1647 4614 a
1671 4549 1793 4614 Cn.
1823 4549 2133 4635 Pompeio
2161 4572 2293 4613 sum
2323 4550 2615 4627 desertus,

196 4639 443 4718 qualem
478 4660 573 4702 me
611 4639 698 4702 illi
731 4639 1008 4724 praestiti,
1039 4638 1145 4701 tali
1177 4639 1415 4717 virtute,
1447 4639 1628 4702 etiam
1660 4637 2009 4700 constantia
2040 4636 2304 4699 futurum
2337 4658 2436 4698 me
2467 4636 2528 4697 in
2560 4638 2710 4696 te5o

194 4725 535 4806 praestabo.
613 4725 815 4789 Simul
837 4740 899 4788 et
927 4725 1135 4808 legati,
1165 4725 1271 4808 qui
1295 4726 1466 4810 prius
1487 4739 1802 4800 venerant,
1829 4723 1908 4786 ad
1941 4720 2262 4814 Gaesarem
2291 4722 2620 4790 redierunt.
