3059 5050
414 302 549 363 340
1379 298 1459 363 A.
1504 296 1798 363 HIRTII

502 445 580 508 P.
609 445 816 523 Sinus,
848 443 1107 522 interim,
1138 457 1198 508 et
1226 467 1333 508 rex
1364 440 1616 528 Bogud,
1647 443 1985 527 conjunctis
2026 446 2147 509 suis
2192 445 2403 530 copiis,
2433 446 2685 529 cognito
2713 448 2886 533 regis

498 529 683 592 Juboe
708 551 972 609 egressu,
1004 531 1252 614 propius
1305 532 1432 613 ejus
1485 552 1741 613 regnum
1789 531 1997 614 copias
2027 552 2165 593 suas
2195 532 2559 594 admovere:
2605 530 2883 597 Cirtam·

503 637 620 697 que
644 617 934 700 oppidum
960 618 1087 697 ejus
1111 616 1281 697 regni
1309 616 1825 700 opulentissimum
1847 615 2043 679 adorti
2069 618 2279 700 paucis
2302 616 2513 678 diebus
2542 620 2885 701 pugnando

503 701 792 784 capiunt3
836 714 896 763 et
947 714 1242 783 praeterea
1291 702 1414 763 duo
1466 701 1698 785 oppida
1752 700 2131 764 Getulorum.
2219 700 2460 783 Quibus
2508 723 2691 784 quum
2724 725 2882 767 con·

418 789 459 849 ⁵
505 787 792 849 ditionem
826 786 1063 863 ferrent,
1090 802 1154 848 ut
1184 786 1411 871 oppido
1433 786 1811 862 excederent,
1842 786 2024 869 idque
2052 786 2166 849 sibi
2191 807 2449 849 vacuum
2480 788 2882 867 maderent,

501 871 1031 957 conditionemque
1084 871 1514 955 repudiassent,
1571 887 1781 955 postea
1833 872 1913 933 ab
1958 871 2030 932 iis
2072 872 2236 956 capti
2279 871 2694 955 interfectique
2741 889 2886 937 sunt

499 976 727 1019 omues,
774 954 929 1018 Inde
951 956 1260 1041 'progressi
1287 978 1469 1035 agros
1499 956 1847 1041 oppidaque
1877 977 2099 1019 vexare
2129 978 2252 1019 non
2276 956 2586 1020 desistunt.
2632 956 2885 1040 Quibus

500 1044 678 1103 rebus
703 1041 964 1123 cognitis
993 1040 1175 1118 Juba,
1208 1063 1393 1124 quum
1410 1043 1544 1123 jam
1577 1063 1698 1104 non
1728 1041 1915 1124 longe
1946 1042 1984 1103 a
2007 1040 2297 1125 Scipione
2328 1054 2508 1125 atque
2536 1044 2664 1124 ejus
2706 1045 2886 1106 duci·

499 1128 613 1188 bus
644 1128 896 1203 abesset,
928 1127 1093 1209 capit
1121 1126 1461 1205 consilium,
1487 1128 1674 1189 satius
1697 1148 1824 1188 esse
1855 1127 1967 1189 sibi
1993 1148 2226 1209 suoque
2249 1148 2441 1209 regno
2472 1128 2739 1190 subsidio
2769 1129 2883 1207 ire,

420 1218 448 1273 l
544 1212 680 1272 uam
712 1212 857 1274 dum
890 1211 1040 1274 alios
1095 1213 1408 1293 adjuturus
1457 1212 1953 1296 proficisceretur,
2000 1211 2129 1296 ipse
2174 1232 2286 1274 suo
2332 1233 2524 1294 regno
2568 1213 2882 1297 expulsus,

523 1296 748 1358 orsitan
780 1296 1033 1379 utrique
1063 1318 1127 1359 re
1155 1296 1575 1381 expelleretur.
1665 1295 1877 1379 Itaque
1914 1318 2117 1359 rursus
2147 1318 2210 1359 se
2239 1298 2483 1381 recepit,
2516 1312 2697 1380 atque
2725 1321 2885 1362 aux-

502 1381 607 1444 ilia
634 1382 668 1444 a
695 1381 983 1465 Scipione
1007 1383 1187 1445 etiam
1215 1383 1490 1459 abduxit,
1518 1382 1631 1445 sibi
1657 1383 1897 1464 suisque
1928 1383 2103 1444 rebus
2131 1384 2384 1445 timens:
2427 1382 2889 1467 elephantisque

497 1486 635 1528 xxx.
669 1467 908 1543 relictis,
936 1468 1056 1529 suis
1080 1467 1302 1529 finibus
1327 1467 1687 1552 oppidisque
1718 1469 2023 1552 suppetias
2053 1467 2353 1551 profectus
2377 1481 2483 1530 est.

582 1549 827 1615 XXVI.
876 1550 1111 1630 Caesar,
1143 1573 1326 1635 quum
1358 1553 1434 1614 de
1464 1574 1574 1615 suo
1600 1553 1834 1615 interim
1863 1554 2126 1615 adventu
2150 1554 2448 1616 dubitatio
2471 1553 2532 1614 in
2565 1553 2888 1637 provincii

418 1642 669 1713 15esset,
701 1658 894 1719 neque
918 1638 1236 1721 quisquam
1268 1639 1536 1699 crederet
1566 1637 1584 1699 i
1661 1659 1783 1713 um,
1809 1638 1913 1700 sed
1945 1637 2205 1720 aliquem
2232 1638 2497 1719 legatum
2524 1659 2662 1701 cum
2688 1641 2886 1723 copiis

496 1723 559 1785 iu
586 1720 857 1785 Africam
883 1724 1146 1800 venisse3
1190 1723 1548 1807 conscriptis
1602 1724 1788 1786 itteris
1810 1725 2037 1786 circum
2064 1723 2463 1808 provinciam,
2494 1744 2705 1786 omues
2733 1726 2888 1787 civi-

495 1821 647 1870 tates
678 1807 821 1870 sacit
849 1807 927 1870 de
955 1829 1066 1870 suo
1096 1808 1361 1871 adventu
1390 1810 1694 1871 certiores.
1791 1806 2040 1872 Interim
2085 1809 2319 1871 nobiles
2351 1808 2624 1871 homines
2651 1831 2732 1872 ex
2761 1811 2888 1874 suis

496 1893 739 1977 oppidis
769 1893 1113 1977 profugere,
1143 1908 1201 1956 et
1232 1894 1295 1956 in
1340 1908 1538 1957 castra
1568 1893 1838 1957 Caesaris
1866 1894 2167 1971 devenire,
2198 1908 2258 1956 et
2286 1894 2364 1957 de
2393 1895 2886 1959 adversariorum

493 1979 621 2062 ejus
643 1979 970 2042 acerbitate
989 1979 1461 2062 crudelitateque
1479 2000 1958 2043 commemorare
1981 1992 2312 2064 coeperunt.
2371 1979 2654 2062 Quorum
2680 1980 2886 2064 lacry-

408 2064 606 2128 20mis
638 2064 1011 2148 querelisque
1048 2064 1268 2127 Caesar
1314 2078 1675 2140 commotus,
1708 2085 1894 2147 quum
1943 2079 2120 2127 antea
2167 2064 2528 2127 constitisset
2557 2065 2618 2127 in
2649 2067 2886 2130 stativis

489 2150 722 2225 castris,
782 2164 992 2213 aestate
1040 2151 1207 2227 initi,
1256 2151 1489 2213 cunctis
1537 2150 1729 2233 copiis
1775 2149 2141 2233 auxiliisque
2188 2151 2414 2227 accitis,
2463 2150 2686 2213 bellum
2739 2172 2884 2214 cum

489 2234 849 2297 adversariis
873 2256 1082 2317 gerere
1110 2235 1392 2314 instituit3
1422 2236 1752 2317 litterisque
1775 2235 2049 2299 celeriter
2070 2236 2131 2299 in
2159 2234 2436 2298 Siciliam
2470 2236 2547 2298 ad
2571 2235 2881 2299 Allienum

487 2334 549 2384 et
577 2317 904 2382 Rabirium
935 2319 1295 2384 Postumum
1326 2321 1704 2404 conscriptis,
1735 2334 1794 2384 et
1825 2343 1933 2406 per
1977 2335 2368 2404 catascopum
2412 2321 2622 2398 missis,
2653 2334 2716 2382 ut
2743 2321 2882 2385 sine

491 2407 683 2484 mori,
716 2417 819 2467 aut
849 2406 973 2468 ulla
1001 2406 1395 2470 excusatione
1441 2407 1674 2484 hiemis,
1703 2422 2163 2490 ventorumque,
2193 2406 2494 2469 exemitus
2538 2406 2647 2468 sibi
2689 2408 2880 2487 quam

402 2491 801 2555 25celerrime
855 2505 1394 2578 transportaretur:
1468 2491 1738 2556 Africam
1786 2492 2164 2578 provinciam
2217 2492 2433 2577 perire,
2493 2491 2885 2575 funditusque

486 2579 673 2639 everti
701 2579 739 2639 a
768 2579 890 2640 suis
914 2579 1203 2641 inimicis:
1248 2579 1412 2661 qnod
1439 2580 1552 2640 nisi
1577 2579 1850 2641 celeriter
1871 2579 2052 2641 sociis
2076 2579 2229 2641 foret
2253 2580 2633 2655 subventum,
2660 2593 2886 2662 praeter

488 2661 508 2722 i
554 2682 682 2724 sam
714 2662 987 2724 Africam
1019 2676 1240 2725 terram
1287 2663 1457 2740 nibil,
1489 2683 1566 2725 ne
1603 2677 1824 2726 tectum
1875 2664 2138 2747 quidem,
2169 2663 2292 2747 quo
2322 2685 2386 2726 se
2415 2664 2773 2748 reciperent,
2803 2665 2882 2727 ab

483 2682 725 2808 illorum
759 2747 982 2810 scelere
1009 2748 1363 2831 insidiisque
1394 2748 1689 2830 reliquum
1721 2749 2010 2812 futurum.
2083 2750 2288 2833 Atque
2312 2749 2526 2833 ipsein
2553 2749 2725 2811 tanta
2751 2763 2883 2813 erat

484 2832 865 2895 festinatione
888 2847 946 2895 et
979 2834 1447 2918 exspectatione,
1473 2847 1537 2895 ut
1569 2847 1812 2919 postero
1842 2834 1942 2897 die
1966 2833 2147 2917 quam
2183 2835 2438 2897 misisset
2466 2834 2699 2897 litteras
2726 2856 2880 2897 nun-

398 2919 754 3001 30tiumque
784 2919 846 2981 in
878 2917 1174 2995 Siciliam,
1206 2919 1457 2983 classem
1489 2920 1942 3003 exercitumque
1969 2921 2194 2983 morari
2217 2920 2461 2996 diceret,
2490 2933 2700 2982 noctes
2723 2920 2881 2982 dies-

484 3025 602 3087 que
632 3004 842 3067 ocnlos
873 3018 1254 3088 mentemque
1284 3007 1363 3069 ad
1410 3026 1580 3068 mare
1608 3005 1934 3090 dispositos
1976 3005 2357 3089 directosque
2386 3004 2655 3067 baberet.
2744 3004 2879 3069 Nec

484 3090 722 3154 mirum.
812 3090 1354 3154 Animadvertebat
1382 3092 1542 3154 enim
1575 3090 1750 3153 villas
1778 3091 1974 3169 exuri,
2005 3112 2188 3175 agros
2212 3091 2459 3168 vastari,
2486 3112 2675 3174 pecus
2698 3090 2879 3175 diripi

481 3176 773 3239 trucidari
819 3199 913 3252 ue,
940 3177 1171 3260 oppida
1193 3176 1564 3259 castellaque
1582 3176 1741 3239 dirui
1765 3177 2099 3258 deserique,
2119 3176 2545 3261 principesque
2565 3176 2879 3238 civitatum

484 3275 587 3323 aut
631 3199 910 3339 interlici,
943 3275 1048 3324 aut
1078 3263 1138 3324 in
1172 3262 1402 3324 catenis
1433 3263 1642 3339 teneri,
1673 3262 1896 3325 liberos
1938 3282 2148 3324 eorum
2187 3262 2490 3324 obsidium
2521 3261 2771 3323 nomine
2819 3261 2881 3324 in

399 3327 828 3409 35servi'tutem
880 3348 1097 3430 abripi.
1187 3346 1271 3409 Iis
1302 3369 1365 3410 se
1413 3347 1475 3410 in
1507 3347 1780 3425 miseriis,
1837 3368 2129 3431 suamque
2179 3347 2361 3410 fidem
2413 3347 2881 3431 implorantibus

481 3431 714 3493 auxilio
745 3446 994 3517 propter
1022 3433 1336 3516 copiarum
1370 3433 1737 3517 paucitatem
1768 3453 1897 3496 esse
1927 3454 2050 3496 non
2082 3453 2277 3516 posse.
2367 3431 2596 3496 Milites
2635 3431 2883 3493 interim

482 3515 542 3577 in
597 3538 781 3600 opere
827 3538 1129 3594 exercere,
1184 3534 1382 3580 castra
1432 3518 1686 3596 munire,
1734 3532 1948 3598 turres,
2002 3518 2251 3582 castella
2298 3517 2520 3596 facere,
2570 3516 2882 3600 molesque

466 3603 679 3686 jacere
711 3602 771 3664 in
798 3624 965 3664 mare
997 3624 1120 3665 non
1150 3603 1560 3666 intermittere.

564 3685 843 3751 XXVII.
877 3688 1092 3774 Scipio
1118 3689 1356 3752 interim
1382 3689 1738 3775 elephantos
1763 3689 1880 3752 hoc
1901 3690 2088 3752 modo
2111 3688 2588 3752 condocesacere
2606 3687 2877 3750 instituit.

392 3848 581 3904 obtulit,
603 3850 687 3895 sed
709 3856 809 3896 tam
832 3857 1171 3908 opportunam,
1192 3858 1245 3896 ut
1274 3848 1368 3896 Dio
1388 3850 1520 3898 dicat
1542 3852 1606 3898 ab
1667 3860 1770 3898 tum
1805 3850 1958 3898 millia
1995 3865 2040 3898 x.
2075 3851 2289 3911 peditum
2333 3863 2414 3899 xx.
2436 3848 2595 3898 'sude
2631 3850 2878 3898 emittebat
2987 3847 2988 3856 ’

395 3913 557 3970 aliquo
580 3912 687 3957 Deo
709 3912 903 3958 missum
929 3911 1074 3958 fuisse
1096 3913 1264 3968 videri,
1287 3911 1394 3959 cum
1423 3913 1606 3959 nullum
1667 3923 1788 3961 teste
1813 3914 2064 3961 Strabone.

395 3976 596 4021 haberet
619 3983 731 4021 ante
762 3974 791 4023 ὸ
824 3974 1017 4021 Caessre
1049 3977 1351 4031 beneficium,
1383 3975 1478 4022 imo
1516 3991 1605 4022 uec
1729 3979 1774 4022 4.
1806 3975 2114 4038 Gaulos-mm]
2180 3975 2340 4022 Getuli
2373 3976 2614 4034 parebunt
2656 3975 2764 4036 regi
2795 3975 2879 4020 Ju-

394 4046 520 4084 osset
543 4037 632 4096 ipsi
666 4038 903 4098 cognitus,
924 4051 1077 4097 eoque
1110 4047 1326 4098 tempore
1360 4038 1606 4085 Coesarem
1669 4042 1759 4095 be,
1790 4047 1841 4084 ut
1881 4040 2084 4095 videtur,
2116 4039 2327 4085 maxima
2363 4046 2528 4084 tamon
2561 4050 2678 4095 pus
2712 4051 2878 4083 eorus-

385 4099 531 4162 juvit,
553 4109 605 4146 ut
628 4101 828 4146 salutem
844 4100 1070 4146 attulerit.
1114 4102 1160 4148 Is
1184 4102 1381 4148 tandem
1400 4103 1462 4147 ab
1485 4102 1605 4148 Ara·
1670 4117 1732 4148 va
1829 4111 1932 4149 erat
1951 4116 1963 4156 ;
2003 4101 2161 4160 primi,
2184 4109 2305 4147 teste
2330 4099 2574 4155 Sallustio,
2596 4101 2779 4147 Africo
2798 4113 2880 4157 po-

396 4164 538 4210 bione
561 4163 804 4210 Manassis
826 4162 953 4224 regis
975 4163 1072 4209 tilio
1096 4163 1183 4211 fuit
1206 4164 1538 4224 interemptus,
1555 4171 1607 4210 ut
1671 4179 1735 4224 pu
1756 4164 1769 4210 i
1807 4178 1916 4211 cum
1954 4164 2166 4225 Libybus
2202 4178 2265 4209 ex
2300 4162 2592 4209 Punicorum
2633 4162 2879 4209 ann-lim

395 4234 601 4273 testatur
624 4227 893 4287 Appianus,
916 4224 994 4271 lib.
1018 4240 1086 4273 ιν.
1671 4227 1781 4282 fide,
1797 4228 1973 4286 asperi,
1992 4227 2250 4285 incultique
2266 4239 2415 4272 carne
2437 4224 2590 4272 ferina
2613 4234 2663 4271 et
2685 4225 2878 4285 pah-to,

462 4291 501 4335 l.
526 4288 735 4351 Bag-ud]
800 4287 924 4334 Erat
946 4287 1253 4336 Mauritaniae
1275 4303 1379 4346 rex,
1397 4288 1605 4336 Ces-ris
1668 4298 1721 4336 ut
1755 4303 1948 4348 pecora,
1985 4299 2263 4342 vescentem
2325 4288 2454 4334 unde
2488 4301 2657 4334 eorum
2700 4286 2879 4347 posteri

394 4351 597 4408 amicus,
619 4353 681 4398 de
703 4367 799 4412 qno
821 4364 982 4409 supra.
1668 4350 1820 4399 multa
1840 4352 1972 4398 avita
1993 4353 2150 4398 adbuc
2173 4352 2459 4397 retinebant.

455 4415 501 4459 2.
529 4413 835 4478 Cirtamque]
893 4413 1033 4460 Cirta
1048 4413 1286 4461 Numidia·
1308 4414 1606 4475 metropolis,
1729 4415 1806 4461 23.
1833 4413 2074 4461 Rama·
2095 4413 2406 4473 Pedum-un]
2455 4411 2684 4458 Rabirius
2705 4413 2770 4458 de
2785 4424 2879 4470 quo

394 4473 690 4524 Massinissoe
714 4477 958 4536 quondam
982 4476 1132 4538 regia.
1197 4476 1379 4524 Plinius
1400 4486 1449 4524 et
1472 4477 1606 4524 Mela
1667 4490 1833 4536 supra,
1857 4479 2010 4536 ‘quem
2050 4484 2195 4523 antea
2233 4477 2281 4523 in
2320 4473 2533 4522 Siciliam
2578 4475 2782 4521 miserat
2815 4473 2880 4519 ad

392 4536 631 4604 coloniam
658 4539 949 4586 Sitianorum
974 4549 1162 4587 vocant.
1229 4539 1375 4586 Forte
1413 4542 1475 4586 ab
1508 4539 1601 4586 hoc
1667 4540 1928 4586 secundum
1950 4548 2271 4586 commeatum
2293 4538 2741 4596 transportandum.

390 4594 447 4642 Ρ.
473 4596 591 4642 Sitio
612 4610 685 4646 est
707 4616 765 4646 eo
788 4602 1008 4648 deducta.
1072 4602 1403 4649 Constantina·
1425 4615 1600 4648 nomen
1725 4601 1796 4649 lb.
1837 4602 2175 4664 campum]
2233 4601 2535 4658 Carascopns
2579 4613 2676 4645 vox
2709 4601 2884 4645 Greu-

391 4657 501 4702 huic
524 4658 741 4718 inditum,
758 4670 808 4707 ut
830 4663 994 4709 sciibit
1016 4664 1236 4710 Aurelius
1256 4661 1438 4721 Victor,
1455 4674 1601 4722 atque
1662 4678 1768 4725 que
1899 4662 2151 4711 statoriam
2183 4678 2347 4711 narem
2370 4661 2625 4722 significat.

388 4717 484 4766 hoe
503 4733 681 4768 nomeu
701 4723 858 4771 adhuc
879 4724 1085 4775 retinere
1106 4727 1416 4775 contendunt.
1450 4726 1597 4789 Equi·
1720 4727 1800 4778 39.
1898 4725 1909 4737 ’
1949 4725 1963 4736 '
2009 4724 2198 4776 anesim
2219 4724 2489 4790 elephanta
2506 4724 2593 4772 hoo
2613 4722 2754 4770 modo
2773 4735 2890 4771 eone

241 4947 777 4992 ι--ὒ-ὲ-ῌ---Ἣ
830 4991 847 4994 ..
