3059 5050
757 244 884 308 oia:
927 240 1232 309 BELLo
1275 240 1740 306 AmchNo
1784 192 2094 305 mm

2518 232 2528 243 '
2567 250 2686 312 831

240 415 319 458 ne
348 393 478 476 quis
509 391 621 455 sibi
651 413 846 455 morae
876 391 1204 474 quidquam
1238 390 1365 453 fore
1396 403 1681 474 speraret,
1711 404 1770 451 et
1799 404 1864 451 ut
1905 411 2113 452 omnes
2155 386 2217 451 in
2245 389 2372 452 dies
2401 391 2611 455 horas-

243 502 360 561 que
389 481 583 562 parati
613 492 827 540 esseut.

916 476 1141 537 Incidit
1168 498 1276 558 per
1305 477 1365 537 id
1413 490 1666 559 tempuS,
1701 490 1764 537 ut
1793 487 2174 557 tempestates
2204 475 2283 537 ad
2314 479 2611 559 navigan-

242 566 385 625 dum
430 565 677 625 idoneas
708 584 833 624 non
862 563 1131 623 haberet.
1217 556 1429 622 Nihilo
1458 574 1658 621 tamen
1706 561 1902 622 minus
1949 559 2010 620 in
2048 560 2305 621 navibus
2352 564 2608 643 remiges

240 649 576 729 militesque
617 647 947 721 continere,
999 660 1059 706 et
1104 645 1328 707 nullam
1379 646 1832 727 praetermittere
1878 645 2258 706 occasionem
2289 647 2612 727 profectio·

238 734 363 810 nis3
410 754 594 815 quum
628 732 960 815 praesertim
993 732 1070 791 ab
1101 730 1312 791 incolis
1339 732 1466 811 ejus
1516 730 1849 812 provinciae
1878 731 2293 791 nuntiarentur
2329 731 2612 795 adversa-
2652 737 2692 795 5
2761 750 2768 765 ¹

240 819 472 879 riorum
517 819 734 900 copiae,
766 816 1059 898 equitatus
1090 815 1374 890 inlinituS,
1406 814 1680 896 legiones
1724 815 1912 895 regiae
1958 836 2041 877 ιν.
2091 814 2237 875 levis
2286 832 2612 879 armaturae

239 925 475 984 magna
503 903 612 978 viS,
645 901 945 984 Scipionis
990 898 1257 980 legiones
1303 921 1358 960 x.
1391 899 1694 982 elephanti
1725 921 1869 961 cxx.
1918 900 2256 980 classesque
2285 921 2413 961 esse
2442 923 2610 964 com-

240 988 478 1070 plures3
520 1001 718 1049 tamen
748 1007 869 1047 non
892 986 1320 1060 deterrebatur,
1347 984 1671 1066 animoque
1701 1001 1762 1046 et
1790 1005 1894 1068 spe
1922 984 2286 1046 confidebat.
2361 982 2607 1048 Interim

243 1073 309 1134 in
341 1073 468 1134 dies
510 1085 571 1133 et
612 1092 789 1133 naves
820 1069 1022 1150 longae
1053 1068 1367 1149 adaugeri,
1399 1071 1698 1131 onerariae
1726 1070 2066 1153 complures
2112 1068 2325 1132 eodem
2354 1091 2609 1133 concur-

244 1179 396 1235 rere,
427 1169 485 1219 et
514 1156 775 1236 legiones
818 1154 1078 1215 tironum
1111 1154 1474 1232 convenire3

242 1242 323 1304 ad
356 1264 427 1304 11.
454 1240 658 1302 millia.

1533 1156 1596 1215 in
1627 1154 1719 1215 his
1748 1166 2031 1216 veterana
2059 1153 2221 1235 legio
2249 1176 2309 1216 v.
2340 1156 2695 1237 equitumlss

326 1324 406 1388 ΙΙ.
466 1325 846 1407 Legionibus
898 1323 1166 1385 collectis
1210 1344 1300 1385 vl.
1354 1336 1413 1384 et
1463 1323 1731 1405 equitum
1779 1345 1852 1385 11.
1908 1323 2190 1401 millibus,
2240 1337 2305 1386 ut
2351 1347 2610 1407 quaeque

232 1414 435 1494 prima
475 1409 639 1493 legio
670 1421 937 1484 venerat,
986 1409 1047 1468 in
1097 1428 1278 1469 naves
1308 1407 1525 1489 longas
1571 1409 2010 1492 imponebatur,
2058 1409 2287 1492 equites
2318 1424 2513 1472 autem
2547 1411 2611 1472 in

233 1497 567 1558 onerarias

657 1494 755 1557 Ita
784 1495 1075 1575 majorem
1108 1506 1339 1575 partem
1370 1494 1614 1554 navium
1648 1496 2001 1556 antecedere
2034 1495 2233 1574 jussit,
2263 1508 2322 1557 et
2353 1495 2609 1558 insulam

233 1598 438 1665 petere
469 1580 878 1664 Aponianam,
924 1599 1063 1659 quae
1109 1599 1231 1639 non
1282 1578 1450 1638 abest
1480 1579 1517 1639 a
1548 1577 1852 1660 Lilybaeo.

1941 1578 2155 1660 Ibique
2203 1582 2696 1642 commoratusl5

232 1669 403 1728 bona
434 1685 769 1749 paucorum
812 1664 1019 1725 vendit
1046 1662 1322 1746 publice:
1365 1663 1584 1723 deinde
1613 1663 1854 1723 Allieno
1903 1664 2170 1744 praetori,
2203 1666 2304 1745 qui
2336 1664 2612 1727 Siciliam

238 1752 576 1825 obtinebat,
608 1751 685 1811 de
716 1749 995 1809 omuibus
1026 1749 1202 1809 rebus
1233 1746 1531 1844 praecipit,
1562 1760 1622 1808 et
1649 1748 1725 1808 de
1755 1747 1986 1828 reliquo
2030 1750 2296 1809 exercitu
2341 1749 2616 1811 celeriter

239 1836 634 1918 imponendo.

722 1831 898 1894 Datis
946 1832 1266 1907 mandatis,
1296 1852 1425 1914 ipse
1472 1852 1686 1892 navem
1737 1832 2088 1893 conscendit
2135 1854 2190 1893 a.
2240 1832 2300 1894 d.
2333 1854 2420 1893 vt.
2470 1832 2612 1895 Kal.

235 1916 385 1981 Jan.
416 1932 475 1980 et
507 1919 763 2000 reliquas
794 1938 975 1978 naves
1029 1918 1225 1978 statim
1257 1930 1347 1977 est
1375 1928 1749 1977 consecutus,

1856 1914 1951 1976 Ita
1980 1931 2159 1977 vento
2189 1930 2376 1993 certo,
2408 1918 2615 1979 celeri-

241 2026 361 2087 que
392 2004 643 2085 navigio
675 2016 896 2079 vectuS,
928 2016 1062 2084 post
1091 2002 1249 2063 diem
1282 2016 1558 2082 quartam
1606 2022 1742 2061 cum
1792 2001 1991 2082 longis
2028 2001 2237 2085 paucis
2269 2004 2523 2064 navibus
2553 2004 2701 2065 in20

241 2102 632 2173 conspectum
664 2088 893 2149 Asricae
922 2088 1104 2149 venit.

241 2191 387 2235 vent

1192 2085 1476 2168 Namque
1505 2086 1802 2148 onerariae
1840 2085 2089 2168 reliquae
2121 2100 2340 2170 praeter
2369 2108 2615 2171 paucas,

518 2168 761 2256 ispersie
810 2185 988 2253 atque
1035 2173 1394 2234 errabundae
1442 2172 1681 2234 diversa
1729 2171 1864 2232 loca

1913 2173 2225 2254 petierunt.
2314 2171 2617 2255 Clupeam

240 2259 431 2320 classe
461 2257 937 2342 praetervehimr,
963 2258 1105 2318 inde
1134 2255 1480 2340 Neapolim.
1569 2255 1914 2340 Complura
1941 2269 2238 2340 praeterea
2265 2258 2512 2319 castella
2558 2271 2620 2320 et

237 2344 466 2428 oppida
498 2364 620 2405 non
644 2341 832 2423 longe
860 2342 898 2403 a
926 2342 1078 2404 mari
1109 2342 1410 2424 relinquit.

322 2426 443 2491 111.
488 2427 825 2509 Postquam
852 2427 1249 2489 Adrumetum
1284 2427 1554 2503 accessit,
1588 2426 1670 2487 ibi
1703 2426 2051 2509 praesidium
2082 2440 2214 2489 erat
2241 2428 2700 2490 adversario-25

238 2537 396 2592 rum,
427 2513 527 2576 cui
557 2528 816 2598 praeerat
847 2511 924 2574 C.
959 2511 1311 2596 ConsidiuS‚
1343 2528 1401 2574 et
1432 2513 1469 2573 a
1499 2511 1751 2595 Clupeis
1799 2512 2127 2574 secundum
2168 2534 2338 2575 oram
2389 2513 2618 2575 mariti-

241 2621 575 2669 mam-cum
607 2600 873 2682 equitatu
918 2599 1238 2659 Adrumeti
1270 2597 1390 2659 Cn.
1439 2597 1590 2658 Piso
1638 2619 1776 2659 cum
1826 2596 2186 2659 Maurorum
2236 2598 2475 2659 circiter
2518 2620 2618 2661 ιιι.

238 2685 509 2747 millibus
556 2685 854 2768 apparuit.
941 2682 1038 2745 Ibi
1086 2682 1392 2767 paulisper
1440 2682 1659 2744 Caesar
1710 2695 1850 2744 ante
1901 2696 2142 2765 portum
2188 2697 2617 2762 commoratus,

238 2771 383 2833 dum
416 2771 668 2853 reliquae
699 2771 881 2832 ssaves
909 2768 1321 2844 convenirent,
1352 2789 1428 2830 ex
1476 2769 1608 2829 onit
1655 2767 2008 2852 exercitum.
2097 2766 2293 2849 Cujus
2339 2788 2620 2830 numerus

238 2856 301 2917 in
348 2855 673 2940 praesentia
704 2855 814 2916 suit
859 2854 1128 2938 peditum
1178 2875 1280 2916 111.
1319 2790 1596 2930 millium,
1645 2854 1910 2935 equitum
1942 2874 2078 2915 εμπ
2121 2853 2451 2935 castrisque
2482 2856 2704 2917 amezo

302 3037 349 3081 5.
381 3034 454 3082 Ab
469 3033 631 3082 incolis
653 3033 751 3097 ejus
766 3034 1054 3096 provincia]
1100 3032 1309 3079 Dubium
1333 3048 1395 3079 an
1417 3031 1446 3080 a

239 3096 414 3142 Siculis
453 3097 583 3153 apud
617 3111 735 3155 quos
769 3104 873 3142 erat
912 3096 1091 3151 Caesar,
1131 3110 1192 3140 an
1231 3097 1292 3140 ab
1319 3096 1446 3140 Astis

239 3160 372 3217 apud
415 3173 535 3217 quos
579 3157 737 3216 plures
783 3158 991 3204 habebat
1028 3158 1223 3213 amicos,
1256 3157 1443 3203 Uticen-

252 3235 335 3266 -οε,

238 3237 264 3268 b
305 3285 350 3328 6.
376 3283 601 3343 Legiones
619 3282 802 3390 regia]
858 3284 994 3328 Jubae
1018 3284 1142 3342 regis
1166 3281 1416 3354 Numidiae.

304 3347 349 3391 8.
374 3343 567 3391 Interim
588 3345 639 3389 in
698 3344 763 3391 ies
793 3351 833 3390 et
862 3359 998 3391 naves
1019 3344 1169 3404 longae
1205 3342 1447 3404 adaugeri,

241 3412 283 3454 et
306 3406 531 3453 oneraria
554 3409 810 3469 complures
824 3405 978 3454 eodem
1000 3406 1307 3467 concurrere]
1350 3409 1446 3450 Nu-

241 3484 377 3515 mero
400 3470 567 3528 supple
587 3475 836 3532 ooepertunt,
857 3477 1023 3527 estque
1045 3470 1188 3515 modo
1209 3469 1445 3528 enallage.

244 3530 439 3588 Eadem,
462 3532 509 3576 id
532 3541 620 3587 est,
645 3534 692 3578 in
711 3532 991 3593 Lilybaeum.

314 3594 384 3638 15.
416 3593 748 3655 spanianum]
799 3594 929 3640 Dum
952 3594 1081 3640 nulla
1106 3595 1230 3650 apud
1256 3602 1445 3639 autores

242 3654 510 3713 Aponianae
548 3656 630 3702 fiat
668 3657 863 3714 mentio,
901 3665 951 3702 et
989 3657 1202 3704 Paeonia
1237 3669 1444 3701 comme-

243 3727 459 3763 moretur
491 3720 615 3774 apud
653 3718 959 3765 Ptolemaeum
1000 3720 1153 3766 insula
1187 3718 1213 3764 ὲ
1249 3719 1445 3778 regione

242 3779 446 3838 Lilybaei
478 3781 786 3837 promontorii
827 3781 1000 3828 Siciliae
1023 3782 1237 3828 Africam
1268 3795 1446 3835 versus,

242 3840 388 3888 facile
404 3841 685 3889 crediderim
709 3859 813 3890 esse
836 3845 1075 3891 mendum.

310 3903 377 3950 lb.
417 3905 526 3964 Quoe
550 3920 643 3952 non
664 3905 789 3952 abes!
812 3904 845 3952 ὰ
868 3906 1109 3979 Lilyboeo]
1168 3907 1222 3954 In
1255 3919 1447 3952 manus·

242 3966 408 4024 criptis
431 3967 643 4014 Thuanis
666 3969 850 4014 duobus
867 3969 1039 4029 leg-itur
1060 3985 1161 4031 quae
1179 3969 1314 4014 abest.
1351 3967 1446 4012 Ali-

243 4028 360 4088 quid
380 4032 594 4092 suspicor
615 4030 899 4087 desiderari,
930 4039 979 4077 ut
1013 4047 1089 4077 cc.
1114 4031 1341 4094 passibus,
1365 4039 1459 4084 aut,

244 4091 426 4149 aliquid
463 4091 629 4138 simile..
694 4094 839 4139 Certe
876 4095 1098 4139 mendum
1126 4095 1260 4140 inest.
1324 4092 1448 4145 Quid

242 4153 372 4201 enim
395 4154 484 4199 sibi
507 4155 634 4210 velit,
651 4169 745 4201 non
770 4155 889 4201 abest
912 4153 944 4201 ὰ
962 4154 1165 4216 Lilybaeo
1182 4157 1210 4202 θ’

314 4217 382 4261 16.
406 4215 591 4263 Allieno
609 4217 843 4278 proetori]
895 4217 1081 4263 Allieno
1104 4227 1153 4263 ut
1176 4214 1449 4275 proconsuli

243 4278 408 4324 scribit
442 4277 614 4324 Cicero
647 4279 784 4337 epist.
814 4279 893 4325 lib.
928 4294 1035 4327 xm.
1070 4279 1246 4326 studuit
1278 4287 1447 4335 postea

243 4340 433 4394 Cassio,
450 4341 526 4385 cui
544 4349 589 4386 et
607 4339 816 4400 legiones
834 4341 1045 4397 tradidit,
1061 4352 1109 4387 ut
1134 4341 1330 4386 Cassius
1347 4341 1448 4399 ipse

240 4402 440 4456 fatetur,
460 4402 543 4448 lib.
571 4417 655 4448 ιιι.
679 4405 935 4448 earundem
970 4405 1292 4462 epistolarum.

313 4465 383 4510 17.
412 4464 482 4509 Dc
500 4464 676 4525 reliquo
692 4467 893 4510 exercitu
911 4465 1114 4513 celeriter
1132 4462 1445 4525 imponenda]

242 4526 479 4572 Navibus.

307 4591 385 4634 20.
430 4589 533 4634 Pus!
567 4587 689 4634 diem
720 4590 973 4650 quaricrm]
1032 4590 1105 4636 Ex
1130 4591 1223 4636 fide
1245 4593 1447 4635 duorum

244 4648 393 4699 MSS.
432 4650 728 4699 bibliothecae
766 4652 977 4702 Thuanae
1007 4667 1190 4712 repono
1220 4657 1449 4715 quartam.

1508 3034 1599 3080 Vix
1621 3035 1767 3090 enim,
1788 3036 1879 3081 uisi
1901 3050 1991 3094 pro
2023 3041 2236 3093 tempore
2264 3036 2480 3092 sumitur,
2501 3037 2604 3083 dies
2625 3037 2706 3083 ste-

1509 3097 1692 3142 minina
1715 3097 1761 3143 iu
1786 3097 2020 3155 positione
2037 3097 2224 3157 legitur.

1571 3160 1648 3204 22.
1692 3159 1951 3221 Clupeam]
1998 3159 2184 3217 Clupea
2213 3159 2311 3205 sive
2335 3159 2521 3219 Clypea
2541 3160 2709 3208 civitas
2803 3163 2808 3170 '

1510 3221 1686 3267 Africae
1728 3220 1918 3280 proprie
1960 3222 2097 3267 dictae
2116 3236 2129 3278 ς
2178 3221 2271 3268 sita
2301 3221 2350 3267 in
2382 3224 2708 3280 promontorio

1512 3283 1756 3338 Mercurii,
1799 3284 1860 3329 de
1902 3282 1995 3341 qua
2033 3297 2179 3342 supra
2221 3284 2415 3330 dictum.
2478 3285 2708 3332 Nonnulli

1510 3357 1686 3391 vocant
1712 3345 1996 3406 Zaplearam,
2019 3346 2100 3391 alii
2133 3345 2368 3407 quipiam.

1570 3409 1645 3454 23.
1679 3407 1965 3470 Neapolim]
2023 3408 2188 3455 Multae
2222 3416 2331 3454 sunt
2367 3408 2537 3467 ubique
2567 3411 2708 3457 urben

1508 3472 1600 3516 hoc
1622 3472 1828 3516 nomine.
1878 3470 1996 3517 Hoc
2013 3469 2127 3516 vero
2141 3479 2215 3517 est
2238 3470 2285 3517 in
2312 3470 2472 3517 Africa
2494 3473 2557 3518 nd
2574 3487 2709 3520 mare

1509 3533 1915 3580 Mediterraneum
1939 3534 2047 3590 sita,
2070 3533 2165 3579 ulio
2183 3533 2373 3578 nomine
2391 3531 2546 3595 Leptis
2562 3548 2711 3596 parva

1509 3596 1631 3642 inter
1653 3596 1771 3641 duas
1799 3604 1969 3656 syrtes,
1993 3596 2072 3640 ubi
2105 3594 2387 3641 habitabant
2420 3595 2710 3657 Lotophagi,

1507 3672 1707 3716 quorum
1731 3657 1793 3703 sit
1814 3657 1941 3714 apud
1967 3657 2231 3703 Homerum
2254 3658 2446 3703 mentio.

1570 3721 1647 3766 25.
1684 3718 2025 3778 stammam]
2081 3718 2136 3765 ln
2161 3718 2323 3765 Africa
2345 3717 2536 3778 proprie
2565 3719 2709 3776 dicta,

1507 3783 1649 3829 hodie
1672 3781 1978 3835 machometo,
1995 3781 2098 3827 aliis
2125 3780 2286 3828 Toulb.

1571 3844 1642 3891 lb.
1672 3843 1745 3891 nn·
1762 3842 2032 3905 proeridium
2053 3847 2149 3889 erat
2171 3842 2575 3905 adeundarum]
2634 3844 2710 3891 Ex

1508 3908 1602 3952 fide
1623 3906 1764 3953 MSS.
1787 3905 2047 3966 Regiorum
2080 3906 2238 3960 trium,
2261 3906 2572 3952 Tituunorum
2594 3907 2712 3952 duo-

1511 3984 1633 4024 rum,
1656 3967 1885 4014 Victorini
1909 3968 2046 4014 unius
2068 3982 2251 4026 repono
2271 3967 2353 4015 ubi
2374 3982 2463 4027 pro
2484 3968 2567 4024 ibi,
2584 3971 2711 4026 quod
2734 3963 2742 3974 ’

1509 4039 1785 4090 corruptum
1809 4030 1897 4076 fuit
1917 4045 1951 4077 ιι
1975 4032 2022 4076 in
2043 4030 2062 4076 i
2118 4043 2336 4088 erperam
2359 4039 2668 4077 commutato.

1572 4095 1648 4139 27.
1672 4093 1758 4140 Cn.
1787 4091 1929 4154 Pina]
1967 4092 2060 4139 Hic
2125 4092 2194 4139 iso
2212 4101 2378 4151 postea
2395 4101 2554 4150 partes
2577 4093 2711 4138 Bruti

1511 4164 1559 4202 et
1583 4155 1739 4200 Cassii
1755 4165 1961 4210 secutus,
1979 4155 2127 4201 nihilo
2140 4155 2295 4201 secius
2311 4169 2540 4201 concesso
2558 4156 2712 4200 reditu

1512 4217 1809 4264 consulatum
1831 4219 2031 4276 adeptus
2054 4224 2140 4263 est.
2203 4217 2375 4263 Filium
2397 4216 2562 4263 habuit
2586 4231 2711 4272 eum,

1512 4280 1594 4338 qui
1617 4280 1952 4326 Germanicum
1976 4279 2217 4326 emerem
2248 4280 2456 4326 creditus
2479 4286 2552 4324 est
2574 4293 2710 4324 vene-

1511 4359 1575 4388 no
1599 4341 1854 4388 sustulisse.

1575 4407 1650 4450 29.
1689 4403 1893 4465 Exponit
1931 4403 2218 4464 exereitum]
2280 4402 2351 4449 Ibi
2394 4401 2502 4449 cum
2537 4401 2564 4447 ὲ
2601 4403 2708 4449 navi

1511 4466 1763 4527 egrediens
1817 4468 1982 4512 Caesar
2045 4466 2309 4522 cecidisset,
2356 4479 2613 4523 casumque
2659 4465 2708 4510 in

1512 4542 1652 4575 omen
1686 4537 1924 4574 verterent
1951 4527 2141 4583 milites,
2165 4526 2263 4585 ipse
2294 4529 2340 4573 in
2373 4528 2539 4574 melius
2573 4527 2718 4574 vertit·

1512 4591 1731 4646 diceudo,
1763 4591 1910 4637 Teneo
1933 4595 1992 4645 te,
2012 4588 2194 4651 Africa.
2237 4591 2440 4640 Antores
2463 4598 2568 4638 sunt
2594 4590 2709 4647 Sue-

1512 4655 1689 4761 tonxirus,
1711 4652 1986 4708 Frontinus,
2011 4651 2118 4698 Dio.
