3059 5050
383 273 470 335 44
1153 264 1275 330 DE
1319 262 1624 330 BELLO
1665 259 2062 330 GALLICO

465 416 654 501 plices
684 435 825 477 usus
870 413 1283 477 misericordi&
1308 415 1633 492 videretur,
1677 413 2135 496 diligentissime
2165 414 2566 492 conservavit,
2607 418 2850 503 suisque

466 502 691 564 finibus
721 513 901 583 atque
931 498 1170 584 oppidis
1195 499 1279 561 uti
1298 500 1517 581 jussit3
1562 513 1622 561 et
1649 499 1917 562 finitimis
1947 499 2285 583 imperavit,
2315 513 2381 560 nt
2410 501 2490 561 ab
2523 501 2750 583 injuria
2787 523 2846 569 et

466 586 771 648 maleficio
801 606 863 648 se
893 605 1152 682 suosque
1178 584 1585 667 prohiberent.

553 668 799 732 XXIX.
846 670 1155 746 Aduauci,
1185 669 1262 731 de
1332 670 1508 730 uibus
1539 670 1719 752 supra
1745 668 2107 753 scripsimus,
2133 690 2316 750 quum
2347 671 2631 734 omnibus
2654 675 2848 759 copiis

385 759 425 816 5
471 756 703 818 auxilio
732 752 975 816 Nerviis
998 754 1290 831 venirent,
1358 754 1428 816 fic
1458 754 1670 837 pugna
1698 755 1990 831 nuntiata,
2020 775 2100 817 ex
2132 754 2344 816 itinere
2371 756 2620 818 domum
2647 780 2848 822 rever-

406 910 420 918 ,
468 855 708 918 terunt3
752 838 985 901 cunctis
1009 839 1250 922 oppidis
1279 838 1655 921 castellisque
1679 839 1944 915 desertis,
1972 860 2077 900 sua
2109 839 2317 902 omnia
2345 840 2408 901 in
2449 862 2635 903 unum
2669 845 2850 928 oppi-

470 926 614 987 dum
645 924 893 1006 egregie
920 925 1135 985 natura
1161 924 1455 985 munitum
1485 923 1896 985 contulerunt:
1941 924 2104 1006 qnod
2135 944 2321 1006 quum
2352 946 2430 986 ex
2459 926 2743 989 omnibus
2785 930 2848 992 in

469 1008 725 1071 circuitu
750 1009 1023 1092 partibus
1053 1008 1371 1070 altissimas
1390 1030 1568 1091 rupes
1593 1008 2024 1091 despectusque
2043 1008 2309 1085 baberet,
2331 1009 2453 1070 nna
2469 1030 2546 1071 ex
2569 1026 2747 1095 parte
2763 1013 2850 1075 le·

469 1094 624 1156 niter
652 1093 897 1155 acclivis
922 1093 1138 1169 aditus,
1158 1095 1219 1155 in
1248 1094 1621 1155 latitudinem
1648 1115 1769 1155 non
1796 1093 2052 1176 amplius
2075 1115 2178 1154 cc,
2205 1094 2448 1176 pedum,
2469 1096 2852 1178 relinqueba-

392 1181 607 1241 10tur:
653 1200 830 1261 quem
861 1177 1063 1240 locum
1095 1179 1324 1263 duplici
1356 1178 1647 1241 altissimo
1677 1198 1852 1239 muro
1883 1179 2251 1239 munierant:
2299 1190 2425 1241 tum
2457 1183 2661 1263 magni
2693 1204 2854 1266 pon—

470 1263 631 1326 deris
661 1284 831 1340 saxa‚
862 1278 921 1325 et
964 1277 1308 1346 proeacutas
1350 1265 1548 1324 trabes
1593 1264 1654 1324 in
1703 1284 1878 1324 muro
1921 1261 2312 1325 collocfirmt.
2400 1262 2527 1347 Ipsi
2570 1282 2746 1328 erant
2772 1290 2848 1331 ex

470 1346 742 1410 Cimbris
771 1347 1188 1430 Teutonisque
1206 1348 1522 1430 prognati:
1558 1347 1681 1429 qui,
1708 1368 1892 1428 quum
1925 1349 2035 1408 iter
2060 1348 2123 1409 in
2151 1346 2546 1410 Provinciam
2577 1364 2850 1414 nostram

471 1446 654 1515 atque
683 1430 922 1495 Italiam
952 1431 1236 1509 facerent,
1268 1431 1360 1493 his
1388 1431 1850 1515 impedimentis,
1889 1453 2030 1514 quae
2064 1453 2266 1494 secum
2297 1454 2480 1513 agere
2508 1456 2581 1496 ac
2607 1450 2853 1518 portare

469 1539 593 1580 non
623 1530 921 1601 poterant,
948 1517 1099 1579 citra
1130 1517 1353 1579 flumen
1378 1515 1662 1577 Rhenum
1693 1516 1999 1599 depositis,
2025 1518 2319 1579 custodiae
2342 1539 2421 1579 ex
2445 1518 2567 1580 suis
2591 1542 2666 1581 ac
2691 1542 2851 1604 prae-

393 1602 625 1665 l5sidio
655 1622 742 1663 vl.
776 1601 966 1664 millia
996 1602 1306 1662 hominum
1348 1602 1470 1662 una
1515 1600 1901 1682 reliquerunt.
1993 1599 2097 1677 Hi,
2147 1615 2284 1684 post
2334 1624 2544 1664 eorum
2592 1606 2849 1683 obitum,

470 1687 692 1750 multos
717 1708 909 1750 annos
940 1687 977 1747 a
1006 1686 1273 1748 finitimis
1296 1685 1613 1766 exagitati,
1645 1700 1672 1729 ὃ
1703 1706 1887 1767 quum
1921 1685 2069 1747 alias
2098 1685 2325 1748 bellum
2357 1686 2665 1765 inferrent,
2701 1691 2849 1752 alias

472 1772 703 1835 illatum
737 1769 1141 1850 defenderent,
1166 1792 1462 1834 consensu
1492 1769 1763 1833 omnium
1811 1792 1961 1854 pace
1990 1770 2168 1846 facta,
2201 1772 2360 1833 hunc
2391 1772 2503 1834 sibi
2536 1774 2849 1839 domicilio

474 1859 673 1922 locum
706 1858 1078 1940 delegerunt.

559 1942 773 2006 XXX.
819 1945 912 2006 Ac
938 1944 1136 2027 primo
1166 1943 1425 2005 adventu
1449 1941 1749 2005 exercitiis
1779 1940 1987 2018 nostri,
2012 1942 2250 2003 crebras
2275 1964 2352 2004 ex
2378 1944 2607 2027 oppido
2633 1967 2851 2008 excur-

387 2030 668 2093 2osiones
697 2029 1017 2106 faciebant,
1044 2027 1429 2111 parvulisque
1448 2027 1677 2109 proeliis
1702 2046 1838 2087 cnm
1862 2025 2078 2086 nostris
2102 2028 2565 2090 contendebant.
2624 2029 2851 2094 Postea

471 2114 637 2177 vallo
666 2115 886 2197 pedum
918 2134 1032 2174 111.
1065 2112 1127 2172 iu
1168 2111 1422 2172 circuitu
1465 2131 1565 2171 xv,
1609 2110 1885 2186 millium,
1930 2110 2276 2193 crebrisque
2303 2113 2564 2175 castellis
2592 2116 2852 2177 circum-

470 2198 707 2273 muniti,
739 2196 968 2278 oppido
999 2214 1124 2256 sese
1160 2194 1571 2255 continebant.
1659 2191 1787 2255 Ubi
1818 2194 2007 2254 vineis
2037 2196 2205 2271 actiS,
2251 2217 2482 2277 aggere
2519 2212 2850 2277 exstructo,

470 2280 683 2343 turrim
737 2278 1016 2340 constitui
1063 2278 1276 2361 procul
1316 2278 1617 2355 viderunt,
1692 2278 1908 2340 timum
1940 2279 2190 2342 irridere
2217 2301 2295 2342 ex
2326 2303 2520 2359 muro,
2545 2296 2732 2366 atque
2759 2286 2854 2347 in-

470 2366 766 2447 crepitare
794 2364 1067 2441 vocibus,
1099 2364 1126 2407 b
1157 2362 1278 2446 quo
1310 2377 1481 2426 tanta
1503 2385 1638 2426 mac
1685 2363 1873 2425 'natio
1898 2364 1974 2425 ab
2001 2376 2170 2426 tanto
2194 2365 2391 2447 spatio
2415 2366 2854 2432 institueretur!

386 2449 831 2533 25quibusnam
889 2451 1185 2528 manibus,
1232 2462 1338 2511 aut
1381 2450 1598 2532 quibus
1625 2448 1874 2526 viribus,
1921 2450 2254 2533 p'roesertim
2293 2450 2566 2512 homines
2595 2452 2854 2516 tantulae

470 2549 734 2611 staturae,
769 2534 936 2622 (nam
970 2535 1267 2619 plerisque
1293 2536 1638 2597 hominibus
1665 2533 1878 2610 Gallis,
1910 2555 2042 2616 prae
2072 2535 2490 2614 magnitudine
2517 2558 2850 2621 corporum

468 2641 736 2696 suorum,
767 2620 1029 2682 brevitas
1061 2633 1265 2682 nostra
1293 2619 1668 2703 contemptui
1696 2617 1811 2704 est)
1845 2619 1995 2680 tanti
2033 2620 2232 2680 oneris
2275 2621 2487 2682 turrim
2533 2622 2598 2683 in
2641 2643 2854 2685 muros

470 2726 596 2768 sese
616 2704 919 2767 collocare
947 2705 1346 2768 confiderent!

552 2787 801 2853 XXXI.
832 2788 961 2852 Ubi
982 2789 1128 2851 vero
1154 2790 1404 2867 moveri,
1431 2803 1490 2851 et
1519 2811 1558 2851 a
1601 2788 2014 2872 propinquare
2043 2788 2350 2856 moenibus.
2361 2790 2661 2867 viderunt,
2687 2794 2851 2855 nova

385 2880 648 2960 30atque
680 2874 964 2937 inusitata
988 2896 1014 2935 s
1060 2875 1187 2937 ecie
1210 2875 1517 2951 commoti,
1572 2886 1784 2954 egatos
1816 2875 1892 2935 ad
1915 2871 2227 2936 Caesarem
2254 2875 2329 2936 de
2357 2897 2509 2959 pace
2527 2877 2851 2956 miserunt3

467 2962 570 3045 qui
602 2961 680 3023 ad
706 2961 865 3023 hunc
897 2897 1144 3022 motlbm
1177 2959 1391 3021 locuti:
1439 2958 1499 3020 N
1504 2981 1584 3021 on
1615 2981 1676 3020 se
1705 2958 2052 3022 existimare
2081 2957 2400 3020 Romanos
2431 2961 2558 3022 sine
2583 2982 2701 3044 ope
2721 2960 2849 3024 De-

464 3069 639 3110 orum
668 3047 893 3110 bellum
921 3068 1149 3128 gerere,
1196 3045 1297 3127 qui
1341 3058 1529 3107 tantae
1561 3043 1892 3106 altitudinis
1941 3042 2415 3105 machinationes
2439 3045 2608 3106 tanta
2636 3046 2849 3108 celeri-

463 3146 585 3195 tatc
614 3153 990 3217 promovere,
1022 3148 1081 3194 et
1110 3154 1187 3194 ex
1218 3130 1670 3214 propinquitate
1694 3149 1969 3212 pugnare
1992 3141 2263 3211 possent:
2294 3150 2356 3191 se
2381 3149 2609 3211 suaque
2637 3131 2850 3193 omnia.

461 3239 673 3280 eorum
711 3219 992 3301 potestati
1037 3217 1379 3299 permittere
1423 3214 1744 3276 dixerunt:
1810 3234 1994 3273 unum
2043 3227 2244 3294 petere
2287 3235 2357 3275 ac
2407 3215 2738 3298 deprecari,
2793 3216 2846 3276 si

380 3302 618 3363 35tbrte
648 3323 763 3384 pro
794 3304 901 3362 sua
929 3299 1248 3362 elementia
1277 3318 1349 3358 ac
1381 3296 1858 3371 mansuetudine,
1890 3316 2070 3377 quam
2098 3297 2211 3379 ipsi
2243 3300 2321 3358 ab
2351 3298 2486 3360 aliis
2516 3300 2846 3378 audissent,

468 3385 785 3461 statuisset,
812 3384 1146 3446 Adriaticos
1176 3402 1303 3442 esse
1333 3381 1802 3457 conservandOS‚
1849 3401 1925 3441 ne
1969 3402 2030 3441 se
2070 3381 2250 3442 armis
2281 3382 2684 3466 despoliaret:
2729 3385 2850 3446 sibi

465 3489 672 3528 omnes
703 3469 828 3530 fere
860 3467 1145 3528 finitimos
1175 3488 1301 3527 esse
1329 3465 1635 3540 inimicos,
1660 3486 1732 3525 ac
1763 3487 1889 3526 suae
1920 3465 2122 3526 virtuti
2154 3464 2440 3544 invidere,
2473 3469 2510 3529 a
2539 3469 2758 3550 quibus
2784 3489 2849 3532 se

462 3552 800 3630 defendere,
843 3551 1078 3613 traditis
1108 3550 1310 3627 armiS‚
1342 3571 1463 3612 non
1495 3565 1775 3633 possent:
1821 3551 1933 3611 sibi
1964 3564 2273 3633 praestare,
2300 3552 2349 3613 si
2379 3552 2440 3614 in
2471 3573 2609 3614 eum
2634 3573 2847 3614 casum

440 3762 471 3793 a
507 3745 625 3794 ciam
649 3743 783 3793 moda
803 3743 1028 3808 inferrent
1050 3741 1220 3789 bellum
1236 3755 1256 3798 ;
1286 3739 1418 3789 modd
1438 3740 1708 3804 repellerent
1729 3740 1818 3787 sibi
1839 3739 2036 3788 z'uatmn.
2131 3741 2163 3786 b
2200 3739 2293 3787 Cm‘
2307 3739 2414 3788 usm'
2428 3745 2582 3789 tannen
2601 3746 2849 3790 vuama-

373 3810 512 3859 clu'na
530 3808 565 3856 ὰ
583 3806 680 3856 Idm
701 3807 952 3869 longinquo
972 3805 1068 3853 loeo
1083 3806 1363 3868 pararetur!

374 3987 547 4047 ubique
585 3986 639 4031 fit
670 3983 825 4030 facilis
847 3982 1010 4042 lapsus
1048 3982 1095 4028 in
1119 3982 1346 4041 numeris,
1384 3981 1578 4030 difficile
1641 3982 1802 4030 leucas
1818 3983 2052 4039 efficeret3
2085 3983 2164 4028 lon
2203 3982 2272 4027 ius
2294 3983 2484 4041 quidem
2524 3981 2631 4029 mefi
2651 3991 2848 4029 senten·

373 4061 446 4096 est
482 4050 741 4109 quicquam
762 4046 880 4091 certi
899 4045 975 4092 bic
992 4053 1219 4091 statuere.
1641 4045 1722 4100 tia,
1744 4045 1853 4092 cum
1875 4060 1970 4090 non
2004 4045 2151 4090 multo
2189 4045 2358 4104 ongius
2388 4044 2416 4091 ὸ.
2438 4045 2669 4091 moenibus
2706 4046 2851 4091 fieret

433 4114 479 4158 6.
515 4113 572 4160 In
594 4123 742 4159 unum
761 4106 1019 4171 oppidum]
1054 4106 1247 4165 Oppida
1270 4108 1416 4164 fossa,
1434 4107 1578 4164 vallo,
1641 4109 1833 4162 vallum,
1849 4105 1988 4166 quam
2005 4106 2098 4164 quo
2119 4106 2262 4151 telum
2281 4107 2429 4163 possit
2451 4107 2609 4166 adjici.
2673 4106 2849 4154 Reser-

373 4175 701 4234 moenibusque
725 4171 910 4218 munita.
932 4168 1199 4228 Aquitanis,
1229 4169 1395 4225 Celtis,
1417 4169 1574 4216 citeri-
1638 4179 1715 4216 tur
1730 4184 1847 4230 ergo
1869 4170 1933 4214 ad
1957 4167 2146 4230 pedum,
2169 4181 2265 4211 non
2284 4181 2502 4227 passuum
2526 4169 2825 4229 intelligitur.

371 4236 623 4295 «vribusque
641 4233 801 4294 Belgis
820 4239 988 4288 eraut3
1021 4231 1321 4277 ulterioribus
1339 4232 1451 4279 vero
1467 4232 1573 4278 Bel·
1698 4234 1774 4278 23.
1815 4229 2002 4277 Turrim
2025 4227 2256 4276 comtituli
2287 4230 2455 4289 procul
2485 4228 2731 4292 fiderunt]
2764 4232 2849 4278 De

370 4293 461 4352 fris,
500 4305 551 4342 ut
586 4297 804 4344 Morinis.
828 4293 1085 4352 Menapiis,
1110 4293 1356 4340 Aduaticis
1379 4295 1573 4340 minime
1670 4310 1729 4340 ua
1748 4307 1906 4351 supra.
1973 4291 2092 4352 Ejus
2115 4301 2274 4337 tamen
2292 4292 2398 4337 vide
2409 4299 2697 4340 structuram
2712 4294 2852 4351 apud

371 4366 525 4412 «want,
562 4367 727 4417 utpote
764 4356 1017 4405 Germanis
1049 4355 1248 4415 origine.
1314 4355 1440 4402 Nam
1462 4358 1574 4402 urbs
1682 4356 1888 4416 egetium
1911 4354 1990 4400 lib.
2015 4368 2083 4401 iv.
2106 4369 2210 4410 cap.
2231 4354 2303 4402 17.

370 4420 477 4474 ipsa
516 4420 857 4466 Azittaticorum
898 4419 993 4466 una
1036 4414 1223 4464 tannim
1260 4426 1400 4475 parte
1438 4432 1575 4463 muro
1698 4419 1776 4463 26.
1814 4414 2050 4476 Plerisqm
2085 4416 2346 4463 hominibus
2374 4415 2539 4471 Gallis,
2559 4414 2669 4476 δια]
2727 4415 2854 4462 Dio-

368 4483 667 4527 circumdata
690 4482 765 4527 hle
784 4483 978 4542 legitur.
1638 4480 1757 4525 doro
1780 4479 1903 4524 Galli
1926 4478 2150 4525 dicuntur
2183 4494 2388 4537 corpore
2425 4478 2671 4538 praelongi,
2694 4493 2852 4525 carne

436 4545 504 4587 12.
531 4541 745 4597 cimbris,
771 4542 1113 4616 Teutonisque]
1138 4541 1396 4599 Dequibus
1414 4554 1573 4598 supra.
1639 4540 1817 4586 humidi
1848 4547 1896 4586 et
1929 4541 2152 4586 candidi:
2187 4544 2444 4587 Ammiano
2481 4541 2593 4586 vero
2635 4541 2716 4587 lib.
2761 4555 2850 4588 xv.

426 4605 505 4650 21.
538 4604 597 4651 In
619 4603 818 4652 circuitu
840 4620 920 4651 xv.
942 4604 1181 4662 matium]
1208 4602 1406 4650 Frustra
1430 4601 1578 4659 aliqui
1644 4600 1859 4649 Celsioris
1896 4605 2081 4651 elatura
2124 4606 2168 4650 et
2198 4601 2388 4650 candidi
2416 4600 2541 4664 pem)
2577 4602 2708 4651 Gaui
2735 4608 2853 4649 stunt

367 4668 638 4727 intelligunt
676 4679 917 4726 passuum,
960 4667 1088 4724 quod
1126 4667 1332 4724 spatium
1378 4680 1445 4712 iv.
1479 4665 1577 4710 fere
1635 4676 1804 4712 onufr.
