3059 5050
397 313 523 375 326
1421 308 1501 372 Α.
1545 302 1844 372 ΗΙΒΤΙΙ

483 458 639 520 sidia
690 455 961 518 Caesaris
1022 452 1344 534 habuisset,
1413 458 1778 519 exercitibus
1844 458 1926 520 im
2007 455 2233 539 riisque
2298 456 2366 519 in
2418 453 2616 519 Cn.
2707 450 2786 517 P

487 543 701 605 castris
732 542 973 603 suisset:
1019 562 1212 624 neque
1242 543 1403 605 enim
1434 564 1497 604 se
1530 543 1803 623 judicem
1853 544 1894 605 d
1973 544 2128 604 uisse
2174 562 2303 604 esse
2330 541 2840 604 controversi

484 650 567 712 po
613 628 696 689 uli
727 625 809 689 R.
837 628 939 689 sed
972 648 1184 710 parere
1214 629 1612 711 praesentibus
1643 628 1928 713 imperiis.

440 714 450 725 '
570 650 875 775 vanl.
924 714 1163 775 Contra
1194 734 1371 795 quem
1418 712 1657 790 Caesar,
1704 735 1888 797 quum
1923 712 2184 797 plurima
2212 733 2324 774 sua
2350 712 2970 774 commemor-asa

404 804 441 860 5
489 799 710 873 officia,
744 820 883 880 quae
913 798 1127 860 consul
1157 799 1211 860 ei
1241 799 1495 861 decretis
1550 799 1809 882 publicis
1839 800 2186 875 tribuisset;
2230 818 2612 880 quumque
2684 795 2980 889 dese&

486 906 622 946 nem
654 885 781 965 ejus
812 882 1038 945 nullam
1070 905 1246 966 posse
1274 885 1728 947 excusationem
1754 886 1881 967 ejus
1927 884 2353 967 imprudentiae
2403 885 2797 967 recipere
2847 892 2980 957 eous

487 970 714 1053 guisset
738 991 756 1045 3
802 971 965 1051 quod
992 971 1177 1031 homo
1202 984 1389 1033 tantae
1419 970 1760 1055 prudentiae
1785 992 1857 1033 ac
1877 968 2213 1051 diligentiae
2238 969 2394 1031 scire
2539 969 2866 1044 tuimet,
2891 970 2980 1050 q&

488 1056 698 1116 urbem
758 1054 1122 1136 Italiamque
1168 1068 1437 1133 teneret3
1505 1056 1608 1117 ubi
1665 1069 1907 1118 senatus
2038 1054 2336 1138 pulusque
2467 1076 2867 1129 omanus,
2917 1056 2980 1113 ek?

488 1124 751 1223 iespubl.
783 1155 957 1218 esset,
989 1141 1121 1223 quis
1151 1140 1370 1203 deinde
1421 1154 1561 1226 post
1613 1139 1690 1203 L.
1741 1139 1942 1203 Lentu
1969 1160 2093 1216 um,
2146 1137 2224 1202 C.
2273 1137 2750 1202 Marcellum
2793 1158 2980 1200 con-st}

410 1230 685 1289 lOessetz
732 1226 834 1289 sed
866 1241 1066 1288 tamen
1098 1248 1161 1288 se
1191 1227 1524 1289 concedere
1553 1226 1617 1290 id
1647 1226 1872 1290 factum
1926 1225 2333 1309 superioribus
2376 1227 2520 1287 suis
2611 1227 2960 1288 benefica

489 1310 673 1373 veteri
728 1312 992 1411 hospitio
1044 1325 1225 1394 atque
1282 1314 1592 1389 amicitiae,
1645 1312 1930 1394 dignitati
1960 1310 2245 1393 aetatique
2292 1311 2642 1387 hominis,
2691 1313 2980 1394 precibu¹¹

489 1418 720 1474 eorum,
752 1419 855 1478 qui
886 1397 1225 1478 frequentes
1252 1399 1698 1460 concurrissent
1749 1397 2016 1481 hospites
2062 1409 2242 1479 atque
2284 1397 2479 1458 amici
2515 1395 2896 1459 Deiotari
2917 1419 2961 1457 s:

488 1481 938 1566 deprecandum
963 1504 980 1542 ε
1026 1482 1103 1543 de
1120 1481 1546 1544 controversiis
1572 1482 2010 1545 tetrarcharum
2032 1495 2242 1567 postea
2261 1504 2323 1544 se
2344 1483 2849 1565 cogniturum
2871 1504 2960 1542 ὣ

486 1567 680 1629 dixit:
726 1567 962 1649 regium
993 1568 1270 1630 vestitum
1298 1568 1352 1629 ei
1377 1568 1650 1630 restituit.
1739 1566 2083 1651 Legionem
2104 1582 2324 1645 autem,
2352 1588 2560 1650 quam
2591 1590 2712 1631 ex
2753 1589 2954 1650 geum

410 1652 711 1715 l5civium
744 1673 987 1715 suorum
1020 1652 1349 1715 Deiotarus
1394 1653 1701 1716 armatura
1752 1653 2192 1738 disciplinaque
2241 1652 2460 1716 nostra
2511 1655 2950 1716 constitum

488 1739 773 1815 habebat,
803 1739 1259 1822 equitatumque
1285 1760 1529 1801 omnem
1562 1740 1641 1802 ad
1674 1739 1898 1802 bellum
1930 1739 2262 1821 gerendum
2294 1738 2648 1802 adducere
2667 1741 2910 1823 jussit.

572 1822 814 1887 LXIX.
862 1824 1070 1907 Quum
1127 1825 1190 1887 in
1240 1823 1507 1887 Pontum
1541 1826 1816 1902 venisset,
1848 1826 2181 1910 copiasque
2210 1844 2424 1888 omnes
2454 1825 2531 1887 in
2581 1847 2821 1888 unmn
2877 1825 2896 1885 l

482 1931 623 1973 cum
656 1911 1002 1993 coegissem
1048 1932 1189 1994 quae
1219 1931 1492 1988 numero,
1524 1926 1707 1994 atque
1734 1911 2167 1973 exercitatione
2209 1908 2519 1972 bellorum
2756 1913 2771 1924 “

485 2010 658 2059 erant
690 1996 974 2082 (excepta
1002 1998 1162 2058 enim
1194 1996 1437 2079 legione
1482 2019 1571 2060 vi.
1622 2018 1808 2080 quam
1861 2017 2062 2058 secum
2113 1996 2461 2059 adduxerat
2521 1997 2932 2059 Alexandr-ii

401 2084 854 2157 20veteranam,
901 2082 1101 2144 multis
1145 2082 1456 2144 laboribus
1487 2081 1892 2166 periculisque
1921 2082 2212 2158 functam,
2245 2080 2583 2165 multisque
2609 2082 2926 2144 militibus

485 2170 705 2251 partim
738 2167 1090 2230 difficultate
1120 2168 1402 2230 itinerum
1452 2190 1523 2231 ac
1575 2168 2058 2250 navigationum,
2091 2168 2308 2251 partim
2341 2169 2673 2229 crebritate
2701 2165 2910 2227 bello-

486 2274 617 2314 rum
650 2252 806 2314 adeo
836 2254 1218 2329 diminutam,
1251 2267 1317 2314 ut
1359 2254 1557 2315 minus
1601 2253 1766 2315 mille
1814 2253 2125 2315 hominum
2159 2253 2220 2315 in
2275 2274 2351 2314 ea
2399 2266 2578 2330 esset5
2617 2250 2890 2331 reliquae

482 2351 656 2401 erant
689 2360 788 2401 ιιι.
824 2337 1110 2420 legiones,
1144 2360 1267 2401 una
1300 2337 1599 2421 Dejotari,
1649 2338 1810 2416 duae,
1844 2360 1983 2422 quoe
2026 2341 2089 2401 in
2142 2359 2218 2400 eo
2251 2338 2495 2422 proelio,
2541 2338 2695 2421 qaod
2743 2333 2868 2396 Cn.

484 2422 823 2487 Domitium
856 2424 1063 2487 secisse
1093 2445 1231 2486 cum
1263 2423 1589 2487 Pharnace
1632 2425 1999 2510 scripsimus,
2046 2422 2309 2509 fuerant)
2357 2422 2548 2506 legati
2597 2424 2633 2485 'a
2675 2421 2875 2484 Phar-

398 2514 635 2573 25nace
664 2510 827 2573 missi
860 2509 1175 2574 Caesarem
1208 2510 1453 2589 adeunt,
1480 2525 1662 2595 atque
1693 2511 1753 2575 in
1785 2511 1995 2597 primis
2024 2511 2102 2573 de
2147 2525 2451 2588 recantur,
2485 2533 2565 2573 ne
2605 2510 2735 2593 ejus
2779 2505 2886 2568 ad-

481 2611 693 2658 ventus
726 2597 957 2658 hostilis
986 2611 1159 2660 esset.
1248 2591 1582 2659 Fact‘urum
1631 2598 1791 2659 enim
1846 2597 2054 2658 omnia
2144 2597 2495 2673 harnacem,
2526 2619 2673 2680 quse
2703 2597 2882 2676 impe·

481 2696 616 2743 rata
639 2695 854 2743 essent.
942 2681 1340 2765 Maximeque
1393 2684 1956 2745 commemorabant
2006 2682 2177 2743 nulla
2226 2680 2624 2745 Pharnacem
2665 2678 2882 2745 auxilia

481 2773 696 2830 contra
717 2765 1032 2830 Caesarem
1054 2767 1357 2852 Pompeio
1375 2768 1523 2831 dare
1547 2767 1809 2831 voluisse
1819 2789 1840 2848 3
1884 2787 2070 2851 quum
2097 2765 2445 2844 DeiotaruS,
2474 2770 2584 2852 qui
2613 2767 2873 2840 dedisci,

480 2867 683 2915 tamen
715 2852 771 2913 ei
802 2855 945 2915 satis
976 2853 1229 2917 fecisset.

398 2943 480 3003 :30
569 2935 777 3001 LXX.
827 2938 1046 3003 Caesar
1075 2939 1385 3024 respondit
1415 2961 1478 3002 se
1508 2939 1637 3003 sore
1667 2939 2080 3024 aequissimum
2110 2937 2441 3016 Pharnaci,
2475 2940 2546 3015 si,
2582 2962 2734 3024 quae

481 3025 780 3102 liceretur,
813 3041 1351 3111 repraesentaturus
1391 3041 1565 3089 esset.
1652 3024 1899 3088 Monuit
1951 3038 2174 3103 autem,
2224 3038 2290 3087 ut
2335 3024 2594 3103 solebat,
2653 3026 2870 3090 miubus

481 3112 702 3189 verbis,
736 3111 991 3195 legatos,
1018 3135 1093 3175 ne
1124 3126 1229 3174 aut
1258 3111 1622 3174 Deiotarum
1654 3111 1767 3175 sibi
1794 3112 2143 3194 objicerent,
2193 3125 2298 3173 aut
2340 3109 2519 3172 nimis
2548 3133 2634 3173 eo
2669 3109 2871 3195 gloria·

483 3211 689 3260 rentur
718 3199 1034 3276 beneficio,
1066 3197 1231 3280 quod
1264 3197 1495 3260 auxilia
1524 3196 1828 3281 Pompeio
1853 3218 1976 3258 non
2003 3197 2319 3259 misissent.
2405 3194 2573 3258 Nam
2604 3219 2682 3260 se
2707 3213 2866 3279 neque

482 3282 765 3346 libentius
814 3283 1010 3345 facere
1041 3283 1395 3366 quidquam,
1445 3284 1626 3365 quam
1679 3281 2051 3365 supplicibus
2097 3283 2453 3364 ignoscere3
2499 3303 2715 3365 neque
2756 3300 2866 3367 pm-

398 3367 818 3430 35vinciarum
912 3367 1143 3430 ublicas
1168 3367 1417 3450 injurias
1448 3367 1802 3430 condonare
1833 3367 1904 3428 iis
1934 3388 2129 3451 posse,
2157 3367 2260 3450 qui
2291 3388 2413 3429 non
2445 3367 2716 3432 fuissent
2744 3371 2798 3430 in
2821 3384 2864 3426 se

482 3451 779 3513 officiosi:
827 3453 847 3513 i
920 3453 1138 3535 ipsum,
1171 3452 1335 3533 quod
1366 3453 1960 3530 commemorassent,
2014 3453 2279 3515 officium
2333 3452 2540 3515 utilius
2567 3450 2864 3518 Phamci

480 3536 679 3612 fuisse,
712 3538 815 3618 qui
848 3538 1207 3620 providisset
1253 3557 1329 3598 ne
1358 3537 1718 3615 vinceretur,
1768 3538 1949 3620 quam
2005 3538 2139 3616 sibi,
2193 3540 2291 3600 cui
2346 3537 2454 3601 Dii
2506 3538 2866 3603 immortale

480 3622 801 3686 victoriam
826 3623 1190 3684 tribuissent.
1277 3621 1494 3705 Itaque
1519 3645 1582 3684 se
1607 3644 1864 3706 magnas
1890 3638 1949 3686 et
1972 3644 2191 3706 graves
2214 3624 2465 3706 injurias
2493 3625 2734 3688 civium
2761 3624 2864 3688 Ro-

480 3730 822 3785 manorum,
854 3708 958 3792 qui
1010 3710 1071 3770 in
1120 3707 1326 3771 Ponto
1379 3709 1675 3790 negotiati
1704 3723 1919 3787 essent,
1952 3709 2240 3792 quoniam
2281 3711 2344 3773 in
2374 3710 2688 3793 integrum
2721 3709 2865 3775 resti·

394 3800 649 3860 40tuere
679 3816 807 3858 non,
833 3807 1054 3879 posset,
1085 3795 1419 3857 concedere
1448 3794 1781 3858 Pharnaci.
1871 3793 2035 3857 Nam
2083 3815 2279 3877 neque
2324 3795 2655 3858 interfectis
2708 3796 2860 3862 amis·

480 3901 611 3943 sam
638 3881 847 3958 vitam,
880 3901 1073 3963 neque
1124 3880 1380 3942 exsectis
1409 3879 1758 3944 virilitatem
1804 3881 2113 3944 restituere
2158 3902 2375 3966 posse:
2419 3881 2589 3964 quod
2637 3884 2861 3966 quidem

457 4054 503 4098 8.
543 4049 631 4098 Ubi
660 4054 845 4097 senatus
869 4047 1157 4112 populusque
1176 4048 1448 4112 Romamn]
1461 4049 1605 4097 Deio·
1667 4059 1870 4109 propter
1890 4063 2025 4108 spem
2046 4049 2183 4109 pacis
2206 4048 2464 4111 ingrueret,
2490 4049 2647 4097 tertiis
2668 4052 2786 4099 vero
2800 4063 2856 4095 ve

395 4121 529 4162 turus
550 4125 785 4173 reponere
806 4121 999 4171 poterat
1020 4112 1136 4159 illud
1160 4112 1361 4168 Lucani,
1668 4114 1908 4160 aientibus
1925 4112 2104 4159 dixisse
2126 4112 2356 4174 graviter,
2373 4111 2662 4171 Pompeium
2684 4114 2856 4161 benedt

1667 4190 1720 4222 se
1744 4174 2112 4231 meritummale
2133 4174 2460 4234 dereliquisse.
2527 4175 2638 4222 Hoc
2659 4184 2736 4223 est
2754 4175 2857 4237 qud

524 4265 651 4278 -—-
670 4252 767 4286 non
786 4251 1029 4300 nunquam
1042 4236 1249 4300 perdidit
1264 4236 1375 4285 ordo
1669 4237 1840 4298 Veget.
1855 4238 1935 4285 lib.
1952 4252 2027 4286 ιιι.
2048 4252 2157 4298 csp.
2169 4239 2217 4285 3.
2240 4239 2412 4285 docet:
2447 4236 2764 4299 Frequentius
2773 4253 2855 4287 os·

527 4302 711 4350 Mutato
731 4299 945 4365 majam
966 4301 1209 4348 loco.-—
1665 4300 1940 4349 sentimum
1963 4302 2182 4363 pue-'sque
2217 4299 2457 4348 mulatio
2490 4299 2709 4357 aeduus,
2740 4314 2855 4376 qua

1665 4377 1803 4412 maa
1821 4368 2096 4411 timuerunt.
2162 4362 2293 4410 Male
2329 4362 2592 4421 Eutropius
2625 4364 2852 4425 indiligens

460 4425 538 4471 22.
578 4425 638 4473 Ut
658 4426 813 4475 minus
843 4426 970 4474 mille
1001 4426 1241 4474 hondnum
1276 4425 1331 4473 s'n
1364 4439 1422 4474 ια
1455 4425 1604 4487 esset]
1668 4426 1892 4485 scriptor,
1904 4426 2170 4473 treditcum
2186 4424 2852 4486 PompeioPharnacemnpd

398 4487 514 4539 Quae
536 4497 699 4533 tamen
724 4503 770 4535 v.
794 4490 994 4536 millium
1016 4488 1262 4536 hominum
1284 4497 1335 4536 et
1368 4503 1478 4537 ccc.
1499 4503 1607 4537 esse
1667 4489 1974 4537 Thessaliam
1998 4488 2159 4536 fuisse.

399 4547 582 4602 debuit,
605 4549 642 4591 si
665 4548 810 4605 plena
833 4552 999 4599 fuisset
1020 4561 1068 4598 et
1090 4552 1294 4614 integra.
1727 4552 1808 4598 41.
1838 4551 2004 4613 Neque
2025 4549 2215 4598 exsectis
2248 4547 2539 4604 maten,
2573 4547 2661 4596 hc.
2728 4549 2848 4610 Appi-

440 4608 539 4678 ι31.
572 4607 758 4678 &orauit
779 4618 953 4669 autem,
984 4619 1038 4661 ut
1073 4614 1263 4672 solebat,
1290 4613 1481 4662 nostibus
1499 4627 1601 4662 ver·
1663 4628 1786 4662 anus
1801 4613 1882 4660 lib.
1896 4625 1951 4662 ιι.
1969 4613 2134 4661 scribit
2148 4612 2632 4669 Pharnacem,fracto
2770 4613 2779 4623 ⁸
2800 4613 2812 4625 “
2837 4643 2847 4667 ,

400 4669 504 4728 bia]
540 4667 636 4716 Dio
658 4670 847 4726 scripsit
870 4673 1000 4718 illum
1017 4677 1218 4723 comiter
1239 4678 1417 4735 primos
1450 4685 1499 4722 et
1536 4691 1608 4723 se-
1669 4678 1824 4736 captis
1846 4676 2101 4738 Amysenis
2122 4674 2174 4721 in
2195 4674 2370 4729 Ponto.
2391 4673 2473 4733 qui
2493 4681 2655 4733 partes
2677 4676 2848 4720 tenebat

399 4730 583 4780 eundo:
593 4726 858 4780 Pharnacis
874 4733 1060 4794 legatos
1074 4738 1336 4798 excepisse,
1346 4745 1399 4786 ut
1410 4737 1608 4788 insumo
1668 4738 2019 4799 Ramnetum,
2027 4737 2190 4799 pueris
2204 4735 2658 4795 exsecuissev'ufflm
2669 4735 2845 4784 Cassiis
