3059 5050
861 263 988 330 DE
1032 265 1340 331 BELLO
1384 265 1737 331 HISPAN.
1783 265 2084 333 LIBER.
2565 273 2690 335 3⁷3

213 419 368 482 bant
385 414 672 481 adversus
703 414 998 499 oppidum
1030 416 1067 478 ὲ
1099 417 1349 498 regione
1394 417 1598 499 pontis
1643 417 1865 494 trabes,
1894 429 1961 478 ut
2008 437 2190 501 supra
2238 416 2605 501 scripsimus,

216 504 525 587 bipartita
639 499 783 563 Huc
815 522 1001 583 quum
1032 500 1365 586 Pompeius
1389 523 1527 564 cum
1560 503 1681 565 suis
1707 501 1903 586 copiis
1930 502 2208 580 venisset,
2238 524 2316 565 ex
2348 503 2607 566 adverso

215 590 350 672 pari
381 587 618 649 ratione
641 600 844 648 castra
875 588 1066 669 ponit.
1155 585 1393 665 Caesar,
1441 604 1508 650 ut
1552 608 1689 651 eum
1741 588 1821 651 a'b
1867 586 2098 670 oppido
2144 602 2607 672 commeatuque

215 674 587 750 excluderet,
639 672 953 734 brachium
1016 673 1093 735 ad
1146 686 1394 756 pontem
1448 674 1670 736 ducere
1725 672 1931 756 coepit.
2022 670 2171 734 Pari
2204 674 2361 735 idem
2392 674 2608 738 condi·

214 758 381 821 tione
404 758 763 841 Pompeius.
851 755 976 819 Hic
1006 758 1161 820 inter
1188 758 1372 821 duces
1396 757 1553 820 duos
1577 759 1644 821 fit
1669 758 1999 835 contentio,
2046 770 2180 820 uter
2230 759 2400 841 prius
2450 780 2604 843 pon·
2647 762 2690 821 5

217 861 336 906 tem
370 858 722 927 occuparet.
808 840 912 904 Ex
986 842 1066 904 ua
1093 844 1481 905 contentione
1529 842 1891 926 quotidiana
1947 844 2181 906 minuta
2231 843 2452 927 proelia
2499 845 2606 907 fie-

218 930 394 1006 bant,
421 943 488 991 ut
516 927 702 990 modo
732 927 815 1005 hi,
840 948 899 989 m
985 926 1025 988 ὁ
1056 926 1144 989 illi
1194 926 1533 1011 superiores
1580 929 1977 991 discederent.
2066 927 2229 1010 Quae
2277 949 2372 990 res
2420 950 2607 1012 quum

217 1015 297 1076 ad
332 1015 625 1095 majorem
652 1011 1095 1075 contentionem
1122 1012 1400 1090 venisset,
1426 1014 1506 1076 ab
1538 1014 1807 1097 utrisque
1836 1013 2111 1076 cominus
2142 1033 2351 1097 pugna
2377 1015 2606 1096 iniqua,

216 1098 363 1161 dum
396 1099 673 1198 cupidius
699 1098 898 1159 locum
931 1097 1172 1159 student
1201 1112 1422 1176 tenere,
1453 1114 1705 1184 propter
1733 1116 1980 1183 pontem
2011 1099 2606 1180 coangustabantur:

213 1198 277 1246 et
328 1184 590 1247 fluminis
620 1182 763 1266 ripis
794 1185 1357 1270 appropinquantes
1386 1185 1773 1266 coangustati
1823 1184 2385 1270 praecipitabantur.
2475 1182 2690 1251 Hiclo

214 1268 386 1331 alteri
434 1268 633 1330 alteris
686 1289 809 1330 non
865 1268 1063 1330 solum
1125 1282 1378 1330 mortem
1435 1270 1615 1331 morti
1674 1271 2158 1353 exaggerabant,
2212 1269 2316 1332 sed
2344 1269 2609 1332 tumulos

211 1354 456 1416 tumulis
485 1354 922 1436 exaequabant.
1001 1351 1099 1416 Ita
1128 1355 1342 1416 diebus
1370 1354 1788 1440 compluribus
1813 1356 2099 1441 cupiebat
2124 1355 2363 1432 Coemr,
2395 1355 2444 1417 si
2487 1354 2610 1439 qui

207 1440 561 1502 conditione
590 1452 813 1523 posset,
869 1440 1249 1586 adxffrsarios
1278 1440 1340 1502 in
1394 1462 1642 1522 aequum
1689 1440 1890 1503 locum
1945 1441 2263 1518 deducere,
2293 1455 2354 1503 et
2404 1441 2606 1525 primo

205 1525 1637 1692 quffiuegfflffgdgaffiemffierffiaeffloe
1667 1610 1916 1673 minime
1947 1611 2126 1674 vellet
2151 1633 2169 1689 3
2215 1633 2367 1694 quos
2395 1611 2534 1675 ideo
2567 1615 2689 1676 a15

207 1695 314 1757 via
368 1708 724 1773 retraxerat,
778 1708 847 1758 ut
892 1696 955 1758 in
1004 1715 1252 1779 aequum
1306 1696 1672 1774 deduceret;
1725 1696 1920 1781 copiis
1968 1696 2192 1759 flumen
2225 1696 2604 1779 transductis,

209 1794 400 1843 noctu
440 1783 622 1863 jubet
672 1781 845 1863 ignes
898 1782 1027 1845 fieri
1089 1802 1368 1864 magnoS.
1456 1779 1554 1845 Ita
1607 1781 2017 1844 firmissimum
2069 1782 2198 1864 ejus
2251 1782 2607 1865 praesidium

206 1867 519 1949 Ateguam
553 1866 973 1951 proficiscitur.
1061 1865 1135 1929 Id
1168 1887 1352 1950 quum
1399 1865 1736 1951 Pompeius
1781 1888 1862 1929 ex
1990 1865 2179 1950 rfugis
2213 1868 2502 1944 rescisset,
2532 1866 2607 1931 ea

208 1952 312 2015 die
355 1973 464 2053 per
508 1954 743 2014 viarum
798 1953 1129 2035 angustias,
1178 1973 1354 2015 carra
1405 1973 1543 2015 com
1592 1951 1745 2030 lura,
1801 1889 2139 2042 muffisque
2192 1952 2463 2015 ballistas
2511 1975 2603 2015 re-

208 2051 420 2115 traxit,
450 2052 511 2100 et
540 2038 620 2100 ad
667 2036 1023 2101 Cordubam
1073 2059 1137 2100 se
1191 2038 1457 2122 recepit.¹
1591 2058 1750 2101 aesar
1802 2037 2237 2101 munitionibus
2290 2039 2690 2120 Ateguam20

210 2143 590 2207 oppugnare,
650 2137 711 2185 et
767 2123 1019 2186 brachia
1076 2124 1537 2186 circumducere
1592 2123 1799 2207 coepit.
1913 2121 2108 2207 Cujus
2162 2124 2247 2186 rei
2297 2123 2601 2208 Pompeio

208 2230 396 2290 quum
429 2209 673 2271 nuntius
701 2224 857 2271 esset
886 2209 1125 2287 allatuS‚
1156 2232 1232 2273 eo
1261 2209 1361 2272 die
1390 2208 1816 2293 proficiscitur.
1905 2208 2101 2292 Cujus
2147 2210 2208 2272 in
2253 2210 2601 2289 adventum,

204 2295 479 2378 praesidii
503 2294 721 2357 caussa
750 2293 971 2358 Caesar
1000 2295 1320 2380 complura
1349 2295 1602 2358 castella
1632 2295 1977 2380 occupavit,
2009 2296 2229 2380 partim
2273 2317 2383 2358 suo
2431 2296 2601 2379 equi-

203 2392 357 2457 tatu,
389 2380 609 2466 partim
640 2393 711 2443 ut
760 2381 1068 2465 pedestres
1119 2383 1321 2481 copiae
1373 2381 1436 2443 in
1490 2381 1768 2458 statione,
1822 2393 1882 2443 et
1931 2381 1996 2442 in
2048 2381 2359 2458 excubitu,
2390 2382 2602 2444 castris

205 2466 497 2551 praesidio
525 2487 655 2530 esse
679 2480 943 2551 possent.
1033 2463 1159 2530 Hic
1191 2487 1252 2530 in
1283 2466 1545 2530 adventu
1576 2464 1860 2551 Pompeii
1914 2466 2146 2545 incidit,
2193 2480 2261 2530 ut
2304 2469 2684 2534 matutin025

206 2565 480 2636 tempore
503 2553 727 2616 nebula
769 2565 926 2615 esset
952 2553 1344 2615 crassissima.
1430 2551 1650 2636 Itaque
1703 2553 1767 2615 in
1822 2552 1929 2615 illa
1979 2553 2406 2617 obscuratione
2459 2576 2599 2618 cum

204 2636 441 2721 aliquot
468 2639 840 2715 cohortibus,
871 2650 931 2701 et
958 2639 1229 2721 equitum
1260 2638 1470 2701 turmis
1512 2637 2001 2702 circumcludunt
2029 2637 2300 2703 Caesaris
2346 2640 2596 2723 equites,

199 2737 263 2786 et
291 2724 640 2803 concidunt,
672 2724 780 2802 sic,
811 2737 878 2786 ut
906 2723 1011 2787 vix
1044 2725 1104 2786 in
1134 2723 1210 2786 ea
1236 2725 1410 2787 caede
1438 2724 1622 2808 pauci
1651 2723 1770 2787 effu
1921 2737 2006 2789 nt.

288 2807 433 2872 VII.
481 2809 831 2893 Insequenti
862 2822 1043 2873 nocte
1067 2822 1269 2874 castra
1294 2831 1409 2884 oua
1456 2810 1727 2882 incendit
1830 2811 2127 2896 ompeius,
2157 2824 2219 2874 et
2264 2824 2430 2875 trans
2484 2812 2597 2876 flu·

197 2916 338 2957 men
390 2895 632 2959 Salsum
693 2917 802 2980 per
852 2895 1163 2958 convalles
1232 2911 1435 2958 castra
1492 2896 1649 2958 inter
1706 2896 1832 2958 duo
1889 2896 2120 2980 oppida
2166 2896 2473 2979 Ateguam
2533 2902 2680 2962 et30

196 2977 471 3044 Ucubim
526 2982 589 3044 in
644 2995 848 3045 monte
899 2980 1229 3044 coustituit.
1320 2980 1543 3044 Caesar
1595 2980 1657 3042 in
1708 2981 2165 3058 munitionibus,
2218 2982 2595 3065 caeterisque,

197 3087 344 3149 quoe
376 3067 453 3129 ad
487 3068 779 3150 oppidum
834 3067 1321 3150 oppugnandum
1377 3087 1533 3149 opus
1579 3064 1844 3146 suerunt,
1885 3085 2198 3149 aggerem,
2243 3066 2593 3150 vineasque,

196 3173 387 3233 agere
416 3152 687 3216 instituit.
776 3150 934 3215 Haec
967 3153 1107 3215 loca
1136 3167 1276 3215 sunt
1305 3163 1651 3227 montuosa,
1680 3163 1742 3213 et
1771 3150 1993 3217 natura
2020 3150 2186 3213 edita
2215 3150 2294 3213 ad
2326 3172 2452 3213 rem
2483 3153 2595 3214 mi-

192 3235 456 3315 litarem,
489 3260 628 3321 quae
654 3238 901 3323 planitie
929 3238 1285 3301 dividuntur
1315 3237 1497 3300 Salso
1540 3236 1833 3316 flumine3
1919 3236 2159 3299 roxime
2214 3250 2416 3300 tamen
2446 3237 2595 3301 Ate-

190 3344 405 3405 guam,
439 3338 504 3387 ut
534 3325 615 3387 ad
646 3325 864 3387 flumen
897 3323 1017 3386 sint
1044 3323 1285 3386 circiter
1310 3344 1597 3407 passuum
1631 3344 1706 3386 11.
1760 3323 1843 3384 mi
1915 3344 1972 3385 a.
2059 3320 2164 3384 Ex
2213 3323 2287 3385 ea
2339 3323 2674 3406 regione35

192 3410 410 3492 oppidi
441 3409 505 3473 in
537 3411 842 3473 montibus
867 3423 1068 3472 castra
1099 3409 1313 3472 habuit
1342 3409 1543 3493 posita
1571 3408 1906 3494 Pompeius
1953 3407 2016 3470 in
2064 3421 2393 3493 conspectu
2424 3424 2592 3472 utro-

188 3514 447 3579 rumque
500 3496 892 3582 oppidorum,
943 3517 1137 3578 neque
1190 3494 1314 3558 suis
1373 3516 1555 3559 ausus
1599 3507 1693 3559 est
1719 3493 1993 3558 subsidio
2022 3494 2246 3558 venire.
2334 3495 2593 3579 Aquilae

188 3713 290 3751 tem
313 3705 558 3760 tenebant,
590 3718 652 3751 an
685 3709 848 3751 castra
883 3709 1080 3763 pontem
1112 3701 1402 3758 attinebant,
1463 3707 1624 3748 essent
1647 3699 1759 3746 inde
1775 3700 2021 3758 profecto.
2336 3757 2347 3767 ·

188 3767 241 3813 id
283 3775 374 3824 est,
412 3766 729 3825 pertinebant.
792 3768 897 3819 Quo
940 3764 1210 3812 verisimile.
1274 3764 1401 3818 Quo·
1527 3762 1598 3809 lb.
1624 3760 2032 3834 ltqfirmiu'mum
2044 3756 2428 3834 ejwpraen’dtuqt
2439 3757 2674 3821 Ateguam

186 3831 335 3876 modo
355 3828 483 3876 enim
505 3829 683 3876 aliter?
738 3828 835 3875 Sed
871 3828 1048 3883 obstat,
1085 3828 1215 3887 quod
1252 3824 1401 3884 scrip·
1458 3823 1803 3889 proficiamn]
1855 3825 1931 3871 Ad
1968 3824 2182 3880 Pompei·
2221 3822 2494 3880 prandium
2530 3824 2673 3880 proti·

184 3899 289 3938 tum
311 3900 384 3939 est
415 3902 585 3951 postea
619 3893 871 3939 brachium
909 3892 972 3938 ad
1005 3897 1200 3949 pontem
1222 3890 1423 3948 ducere·
1459 3887 1658 3935 ciscitur
1680 3887 1860 3936 Cesar.
1920 3885 2108 3949 Ategua
2139 3899 2287 3945 porro
2319 3891 2394 3930 est
2413 3885 2527 3932 urbo
2558 3885 2672 3933 His-

184 3954 408 4012 ooepisse.
470 3955 638 4002 Fuerit
658 3957 777 4016 ergo
800 3954 963 4013 alkma
985 3954 1034 3999 in
1055 3952 1272 3999 hocloco
1293 3951 1396 4010 pla·
1459 3951 1619 4010 panio
1653 3949 1860 3996 Boeticoe.

183 4030 437 4126 53:4¹2?
469 4016 1397 4127 ffissi'ssnimnffffieffssiiiffiff
1463 4085 1517 4123 ..t
1530 4010 2087 4134 ssbssmss'ssffffi'k‘pssm’]
2124 4010 2204 4058 ⁵⁵⁶
2226 4007 2416 4066 ‘'m'’
2438 4017 2488 4055 ‘³‘
2511 4008 2671 4065 ‘m'

181 4141 294 4190 Bet:
321 4142 522 4191 Tenebat
537 4094 1062 4205 admnssnoppidume
1082 4142 1271 4202 regione
1346 4154 1399 4188 n-
1524 4140 1602 4186 26.
1637 4139 1801 4200 Itaque
1823 4136 1874 4184 in
1895 4136 1985 4184 illa
2016 4134 2330 4184 obscuratione
2351 4147 2457 4180 etun
2491 4131 2670 4194 aliquot

182 4203 244 4252 tis
275 4205 442 4263 trabes,
470 4219 616 4267 supra
648 4204 931 4268 scripsimus,
964 4203 1200 4267 bipartito.
1325 4212 1400 4250 ter
1460 4200 1756 4261 cohortibus]
1811 4199 2015 4258 Repono
2046 4212 2152 4246 etun
2173 4211 2263 4256 pro
2283 4209 2405 4252 etun,
2426 4196 2554 4267 quod
2575 4209 2669 4242 nm

183 4266 300 4314 item
323 4267 551 4314 Thnanns
585 4267 749 4315 itidem
771 4269 934 4326 babet,
956 4267 1049 4315 nisi
1071 4268 1201 4325 quod
1221 4274 1295 4313 est
1314 4263 1395 4311 1η·-
1458 4264 1537 4321 ιίῒ,
1559 4263 1787 4325 ambigua
1807 4271 1882 4309 est
1901 4261 2073 4309 oratio.
2121 4260 2345 4307 Nescimr
2365 4271 2492 4304 enum
2508 4265 2668 4304 utrum

178 4329 356 4394 partito
388 4344 475 4388 pro
512 4329 750 4404 bthorfito.
814 4330 1176 4389 Manu-criptu-
1215 4328 1395 4388 Regius
1459 4326 1725 4374 Cnsuinni
1750 4325 2091 4384 Pompeianos,
2113 4336 2178 4370 an
2201 4320 2483 4381 Pompei-ui
2508 4320 2668 4367 Casa·

181 4392 340 4439 codex
361 4394 526 4441 omnia
546 4402 638 4441 uta
660 4393 851 4449 omittit,
875 4401 925 4440 et
946 4393 1091 4440 babet
1112 4401 1224 4451 poet
1245 4395 1394 4439 trom-
1457 4390 1622 4437 riano·
1637 4387 1950 4437 conciderint.
2304 4445 2315 4456 ·
2492 4444 2504 4456 .

181 4453 337 4502 auxit.
403 4454 511 4505 Huc
546 4470 694 4520 quum
734 4455 1027 4519 Pompeius,-
1056 4456 1189 4515 quod
1226 4453 1394 4501 melius
1517 4454 1598 4499 29.
1631 4451 1834 4500 Flumen
1853 4446 2076 4509 Sacrum]
2144 4444 2402 4517 Superiora
2433 4459 2507 4492 sut
2527 4454 2667 4505 parte

181 4531 290 4565 cose
306 4517 529 4567 arbitror.
1456 4515 1633 4563 dicitur
1655 4513 1866 4568 Βίωνα,
1888 4511 2115 4558 inferiore
2145 4507 2419 4571 Goudoyox.

241 4582 291 4627 8.
326 4581 504 4643 Pugno
523 4580 729 4644 t’m‘qqu
765 4580 946 4641 supple
952 4577 1122 4645 fiebat
1517 4578 1597 4626 31.
1628 4574 1858 4637 Ucubim]
1877 4573 2052 4621 Ucubi:
2067 4572 2181 4618 urbs
2199 4569 2449 4644 ljlispanin
2461 4569 2669 4631 Retico,

249 4643 320 4693 17.
335 4643 639 4708 Noctu-iubet
660 4642 947 4708 ignujien'j
973 4643 1037 4693 Ut
1053 4642 1218 4702 copias
1235 4642 1394 4690 adhuc
1456 4639 1763 4704 Naugerius
1783 4637 2022 4688 dicitme
2046 4632 2241 4685 Lucub-
2281 4703 2286 4706 .

182 4701 235 4753 in
254 4707 428 4756 eutri-
449 4721 554 4757 eue
585 4707 749 4757 hoste·
784 4715 1031 4770 putarent,
1072 4704 1183 4756 cum
1228 4713 1396 4755 tamen
2305 4725 2320 4740 .
