3059 5050
1265 260 1547 327 LIBER
1585 260 1640 326 1.

2550 268 2668 329 179

213 415 399 479 libere
430 424 689 488 sermm,
720 431 861 494 quse
885 407 1089 486 vellet,
1118 409 1440 473 decernere
1464 410 1748 485 auderet3
1777 418 1846 469 ut
1866 404 1958 469 M.
1985 405 2285 486 Calidius,
2317 408 2421 490 qui
2444 430 2585 473 cen-

217 504 400 577 sebat,
433 511 496 561 ut
521 497 856 580 Pompeius
886 495 949 556 in
979 515 1119 556 suas
1147 496 1490 579 provincias
1515 493 2010 578 proficisceretur,
2062 515 2265 574 nequa
2292 507 2443 556 esset
2488 517 2587 557 ar-

217 607 447 648 morum
492 602 737 645 caussa:
782 581 992 643 timere
1024 578 1357 656 Caesarem,
1406 579 1668 662 abreptis
1699 580 1776 640 ab
1800 599 1873 638 eo
1905 599 1976 639 n.
2009 576 2372 657 legionibus-3,
2405 599 2479 640 ne
2508 582 2589 643 ad

213 671 339 752 ejus
363 667 697 753 periculum
727 684 1035 729 reservare
1062 677 1122 729 et
1144 666 1398 727 retinere
1427 685 1527 727 eas
1559 665 1638 727 ad
1668 663 1877 725 urbem
1897 661 2229 760 Pompeius
2260 662 2588 727 videretur:

214 771 280 816 ut
297 753 388 817 M.
421 751 643 828 Rufus,
668 751 772 832 qui
798 749 1145 812 sententiam
1179 747 1427 825 Calidii,
1453 749 1665 832 paucis
1693 747 1817 809 fere
1861 759 2104 809 mutatis
2129 748 2348 823 verbis,
2382 769 2590 830 seque-
2633 754 2671 812 5

213 842 415 903 batur.

504 836 556 899 Ii
585 857 796 899 omnes
825 835 1091 897 convitio
1129 832 1206 896 L.
1238 832 1482 895 Lentuli
1512 832 1777 895 consulis
1809 832 2068 914 correpti
2098 831 2589 912 exagitabantur.

221 921 515 985 Lentulus
538 921 890 984 sententiam
921 918 1146 982 Calidii
1176 920 1715 1001 pronunciaturum
1741 939 1804 978 se
1828 917 2076 978 omnino
2101 916 2375 998 negavit:
2420 916 2594 980 Mar-

218 1008 406 1071 cellus
436 1005 780 1091 perterritus
804 1003 1097 1079 convitiis,
1128 1003 1166 1065 ti.
1195 1003 1303 1065 sua
1331 1003 1627 1066 sententia
1651 1001 1940 1064 discessit.
2030 1000 2135 1062 Sic
2164 1001 2418 1063 vocibus
2437 1023 2587 1065 con-

222 1093 386 1168 sulis,
416 1105 643 1155 terrore
668 1089 975 1174 praesentis
1003 1087 1325 1165 exercitiis,
1373 1088 1553 1151 minis
1598 1088 1928 1149 amicorum
1974 1085 2275 1169 Pompeii,

221 1176 535 1259 compulsi,
581 1174 749 1237 inviti
793 1190 852 1235 et
886 1173 1107 1249 coacti,
1155 1172 1463 1257 Scipionis
1510 1172 1866 1234 sententiam
1915 1185 2273 1253 sequuntur3

2365 1085 2594 1168 letique

2380 1174 2425 1233 ti
2456 1176 2677 1235 antelfl

220 1275 438 1327 certam
471 1261 627 1322 diem
660 1258 877 1322 Coesar
905 1255 1240 1321 exercitum
1270 1257 1552 1321 dimittat.
1641 1256 1710 1321 Si
1741 1277 1863 1319 non
1892 1256 2094 1333 faciat,
2142 1277 2281 1318 eum
2308 1256 2594 1320 adversus

214 1367 401 1428 remp.
443 1338 741 1407 tincturum
788 1343 999 1407 videri.
1086 1341 1417 1406 Intercedit
1449 1341 1544 1405 M.
1575 1341 1897 1419 Antonius,
1941 1341 2022 1423 Q.
2051 1340 2322 1417 CassiuS,
2369 1343 2593 1405 tribuni

214 1430 424 1514 plebis.

509 1429 797 1493 Refertur
839 1428 1152 1491 confestim
1198 1429 1274 1491 de
1323 1428 1751 1491 intercessione
1795 1428 2194 1489 tribunorum.

2290 1425 2599 1490 Dicuntur

214 1514 525 1608 sententiae
574 1534 823 1596 graves:
877 1527 946 1576 ut
980 1514 1085 1596 qui
1156 1534 1234 1575 ue
1282 1513 1670 1576 acerbissime
1720 1512 2251 1594 crudelissimeque
2293 1513 2468 1589 dixit,
2513 1514 2596 1575 ita

215 1601 396 1682 quam
426 1599 695 1661 maxime
728 1599 807 1661 ab
837 1598 1096 1662 inimicis

1177 1599 1385 1661 aesaris
1415 1598 1817 1661 collaudatur.
2430 1638 2441 1651 ·

298 1681 419 1748 Ill.
465 1682 659 1746 Misso
688 1684 768 1746 ad
812 1704 1127 1765 vesperum
1176 1696 1427 1761 senatu3
1472 1703 1700 1759 omnes,
1755 1683 1861 1764 qui
1907 1695 2045 1745 sunt
2089 1684 2216 1764 ejus
2270 1684 2518 1759 ordiniS,
2561 1684 2602 1745 ὲ

2599 1603 2674 1662 15

212 1769 517 1852 Pompeio
546 1780 898 1831 evocantur.
971 1766 1221 1830 Laudat
1248 1782 1583 1913 pronfftoS,
1608 1780 1788 1850 atque
1817 1768 1878 1829 in
1910 1783 2215 1850 posterum
2247 1769 2600 1845 confirmat3

215 1854 526 1935 segniores
555 1852 833 1932 castigat,
866 1864 1044 1932 atque
1066 1851 1298 1913 incitat.

1459 1851 1569 1913 ulti
1593 1852 1860 1934 undique
1883 1873 1961 1913 ex
1985 1853 2285 1913 veteribus
2315 1851 2598 1935 Pompeii

214 1939 601 2014 exercitibus,
623 1957 728 2019 spe
751 1936 1142 2019 praemiorum
1173 1950 1354 2019 atque
1382 1937 1685 2013 ordinum,
1716 1950 2068 1998 evocantur.
2141 1935 2324 1997 Multi
2348 1959 2426 1998 ex
2452 1938 2603 1999 dua-

215 2026 329 2085 bus
360 2022 720 2105 legionibu3‚
764 2041 905 2103 quae
948 2033 1083 2083 sunt
1110 2021 1353 2082 traditae
1377 2020 1416 2082 a
1444 2020 1717 2099 Caesare,
1750 2034 2154 2083 accersuntur.

116 2160 122 2166 ⁶
212 2172 342 2231 qnod
363 2171 623 2230 imperatus
646 2168 900 2229 Pompeius
921 2168 1098 2216 bellum
1120 2169 1290 2216 indixit
1314 2170 1417 2216 Cte-

211 2235 328 2289 ειη-ἰ,
368 2243 420 2279 ut
454 2233 698 2294 cognitum
731 2240 819 2279 est.
880 2232 937 2279 In
972 2246 1176 2291 eamque
1210 2247 1311 2278 rem
1334 2247 1416 2291 op-

210 2295 326 2344 time
348 2296 519 2343 Cicero
542 2295 621 2341 lib.
643 2309 732 2342 vn.
749 2293 885 2366 epist.
912 2295 984 2341 13.
1002 2296 1065 2340 ad
1088 2295 1232 2341 Attic.
1283 2295 1415 2342 Com·

209 2359 398 2407 missum
454 2357 608 2405 itidem
626 2353 661 2403 ὰ
681 2357 811 2405 nebu
830 2362 948 2404 certe
982 2361 1062 2412 est,
1093 2356 1184 2404 sive
1207 2355 1239 2403 ὰ
1260 2362 1414 2405 nostro

210 2422 343 2478 duce,
363 2426 415 2468 ut
478 2423 618 2481 portu
632 2418 729 2466 sine
747 2419 1077 2480 gubernaculis
1098 2419 1283 2481 egressi,
1305 2424 1416 2471 teut-

204 2483 380 2549 peslati
401 2497 483 2541 nos
497 2482 793 2530 traderemus.

281 2549 322 2594 1.
360 2547 428 2594 M.
466 2544 712 2606 Calidiu]
782 2544 940 2607 Hujus
972 2546 1266 2592 mentionem
1301 2546 1419 2593 facit

213 2610 391 2656 Cicero
427 2609 473 2653 in
515 2607 677 2664 Bruto,
713 2615 764 2655 ut
794 2608 1063 2666 praestantis
1098 2607 1332 2664 oratoris,
1370 2617 1419 2655 et

212 2674 386 2719 eodem
410 2677 545 2726 teste,
566 2670 681 2716 obiit
703 2669 749 2716 in
771 2670 853 2717 illo
875 2670 1001 2718 bello
1021 2669 1162 2717 civili.
1225 2670 1271 2717 Is
1296 2669 1419 2717 sorte

210 2745 287 2793 est
309 2734 389 2793 qui
412 2731 441 2781 ὁ,
463 2733 619 2780 Dione
640 2732 707 2779 M.
731 2732 950 2780 Caecilius
982 2734 1155 2780 dicitur
1204 2735 1318 2780 dum
1350 2732 1418 2780 sic

212 2797 378 2843 scribit
400 2795 481 2841 lib.
505 2809 604 2843 m.
670 2795 744 2842 τε,
761 2795 841 2856 μὶ,
866 2796 1094 2856 uma-ar..
1120 2766 1225 2849 ὦ).
1258 2797 1415 2843 aaa·

207 2862 410 2920 λιγῆκι
447 2860 494 2905 in
534 2860 619 2905 «νῦν
660 2857 805 2906 ἔτλην
842 2859 1094 2919 &bupleuro
1133 2860 1193 2968 §ss
1229 2860 1317 2921 γὰρ
1354 2859 1418 2906 ea

207 2922 430 2985 τροις-ἅν
453 2922 534 2973 τὰς
559 2918 750 2981 ἤιάμιις
788 2922 904 2985 σι’χι)
943 2922 1013 2969 τὶν
1047 2919 1096 2969 ῗὶ
1158 2925 1183 2973 ὸ
1221 2923 1419 2987 Kaee‘eapa

211 2988 372 3038 miss-⁸5
409 2985 530 3035 τλὸυ
572 2987 728 3050 Μάρκε
770 3005 818 3033 ‘rs
861 2990 965 3039 τινός
994 2988 1202 3034 Bassai·
1242 2988 1321 3034 ιιῖ
1361 2988 1420 3033 τῦ

210 3048 441 3116 Regin&
480 3053 538 3096 eff
575 3049 636 3095 τὰ
673 3050 932 3113 γράμματι
963 3051 1081 3097 aiae?
1123 3048 1418 3110 κομίσων-Θ.

208 3110 495 3174 Pompeiam
527 3125 662 3160 mmo
699 3114 874 3160 censuit
911 3111 972 3160 ab
1011 3114 1154 3161 armis
1192 3112 1420 3161 discedere

211 3177 355 3236 (nam
388 3173 440 3220 in
475 3172 694 3226 atbwbio
735 3175 890 3237 copias
922 3175 1145 3237 habebat)
1189 3176 1420 3226 Cae-sorem

209 3240 371 3284 aulem
402 3249 559 3282 omnes
585 3241 760 3298 preter
784 3237 995 3285 Marcum
1016 3238 1251 3301 quendam
1277 3236 1419 3286 Ceci-

207 3298 329 3347 lium
358 3303 402 3347 et
446 3297 716 3355 Curionem,
736 3313 841 3347 ιωπ
862 3298 945 3363 qui
976 3299 1150 3348 litteras
1177 3302 1280 3365 ejus
1299 3305 1421 3347 altu·

209 3361 345 3410 leral.
401 3361 500 3408 Sed
520 3370 773 3419 corruptus
788 3361 920 3411 locus
940 3371 1030 3421 est,
1049 3372 1101 3410 ut
1116 3378 1206 3423 pro
1226 3362 1421 3410 Caecilio

215 3423 430 3471 Calidius
452 3425 771 3482 reponendus.

278 3487 346 3532 lb.
383 3485 478 3545 Qui
507 3485 752 3550 censebas,
793 3486 911 3535 Hoc
931 3502 1023 3535 vox
1048 3489 1112 3535 ab
1134 3488 1190 3535 iis
1210 3486 1292 3547 qui
1313 3502 1419 3535 sen-

210 3551 415 3596 tentiam
437 3550 680 3606 dicebant,
703 3553 1039 3607 usurpabatur,
1060 3550 1142 3610 qui
1178 3549 1291 3598 verb
1312 3565 1420 3598 sen·

210 3611 412 3658 tentiam
459 3611 655 3658 alterius
698 3615 1040 3673 sequebantur,
1073 3613 1314 3671 dicebant,
1351 3628 1419 3660 as·

208 3672 400 3723 sentior.
463 3673 676 3732 Pompeii
692 3689 837 3734 porro
857 3675 1114 3735 provinciae
1134 3683 1274 3723 erant
1295 3677 1421 3723 Afri·

211 3752 275 3782 ca
297 3743 348 3783 et
365 3733 614 3794 Hispania.

273 3800 320 3845 5.
351 3795 408 3844 Ue
429 3797 495 3845 Μ.
519 3798 712 3863 Rufus]
777 3800 824 3848 Is
856 3809 929 3848 est
962 3799 1033 3848 M.
1066 3799 1244 3849 Coelius
1263 3799 1419 3848 Rufus

207 3860 350 3970 ἓὲᾗω
372 3870 481 3908 sunt
501 3861 640 3920 epist.
661 3862 711 3908 in
734 3876 844 3912 vm.
874 3863 955 3910 lib.
989 3862 1418 3911 ciceroniana-um

319 3923 596 3982 familiares,
639 3940 697 3972 ex
741 3925 910 3983 quibus
947 3925 1139 3985 quidem
1182 3925 1419 3974 studuisse

205 3987 426 4046 partibus
460 3986 668 4036 cesaris
699 3989 1023 4048 cognoscitur,
1043 4002 1136 4047 pro
1155 4003 1251 4048 quo
1272 3991 1419 4036 etiam

208 4049 422 4096 Cicerei
483 4049 493 4061 “
566 4064 645 4097 em
666 4049 1250 4110 orationem,hnbuitquae
1267 4061 1420 4109 extat,

206 4113 271 4158 de
303 4125 398 4171 quo
420 4063 573 4159 m
592 4110 757 4160 scribit
788 4114 836 4159 in
857 4113 1024 4171 Bruto,
1055 4112 1193 4175 cujus
1213 4114 1419 4173 denique

206 4183 429 4221 extrema
470 4182 608 4236 gesta
644 4177 888 4235 fatumque
925 4175 1102 4252 lessitur
1138 4177 1186 4224 in
1225 4178 1305 4225 lib.
1342 4190 1419 4226 m.

205 4236 353 4298 hujus
376 4236 705 4286 commentarii
722 4239 783 4284 de
804 4237 931 4286 bello
952 4238 1094 4288 civili.

269 4302 317 4347 9.
350 4299 540 4348 Terrore
555 4300 794 4362 presentis
808 4300 1069 4363 aereum]
1134 4300 1229 4349 Dio
1249 4312 1298 4349 et
1321 4303 1418 4361 Ap-

206 4361 383 4421 pianus
399 4362 663 4411 exercitum
686 4365 926 4423 quendam
948 4363 1163 4423 Pompeii
1184 4366 1234 4412 in
1255 4365 1422 4412 subur·

205 4424 288 4471 bio
310 4427 500 4473 senatui
522 4426 758 4474 assedisse
787 4434 1002 4473 narrant.

2246 2020 2689 2107 Completur20

1480 2173 1711 2221 discessio
1744 2174 1896 2229 fieret,
1930 2188 1992 2219 an
2025 2175 2319 2232 deponendas
2346 2175 2585 2220 ambobus
2618 2190 2688 2223 es·

1479 2244 1586 2282 sent
1614 2235 1888 2293 provincie,
1911 2234 1959 2282 in
1982 2250 2088 2282 eam
2105 2249 2269 2283 omnes
2291 2238 2474 2295 pariter
2496 2251 2688 2285 conces·

1479 2305 1658 2345 serant.
1712 2298 1865 2345 Autor
1885 2297 2185 2345 Plutarchus.
2238 2292 2328 2345 Est
2344 2307 2504 2346 autem
2528 2302 2688 2347 obser·

1477 2363 1640 2407 vanda
1658 2362 1761 2408 haec
1782 2360 2111 2407 Rom'anorum
2133 2375 2227 2407 vox
2249 2361 2690 2410 consideratissima

1479 2423 1687 2470 simulet
1709 2423 2059 2470 modestissima
2091 2422 2313 2480 loquendi
2352 2423 2574 2481 formula,
2605 2428 2689 2473 ad·

1479 2485 1642 2534 versus
1668 2500 1816 2545 remp.
1840 2486 2077 2533 facturum
2116 2484 2282 2544 videri,
2314 2500 2411 2546 qna
2432 2488 2689 2536 utebantur

1481 2549 1529 2596 in
1552 2550 1609 2596 iis
1631 2550 1779 2596 etiam
1802 2562 1904 2608 quae
1942 2556 2189 2607 comperta
2226 2550 2484 2598 habebant.
2550 2551 2687 2600 Unde

1479 2621 1528 2659 et
1549 2611 1962 2660 senatusconsulta
1978 2610 2005 2657 a
2029 2612 2207 2658 Grmcis
2229 2613 2467 2670 dicuntur,
2486 2609 2689 2674 ῒῦγμαΊ.

1479 2676 1573 2723 ata-3
1609 2673 1665 2722 τῦ
1709 2671 1853 2722 tenth.
1898 2676 2026 2734 quod
2062 2685 2137 2720 est
2172 2674 2335 2721 videri.
2399 2678 2557 2731 Quare
2597 2678 2689 2737 ipsi

1479 2747 1622 2786 testes
1644 2739 1936 2786 adhibebant
1950 2739 2147 2784 verbum
2164 2737 2364 2786 arbitror
2369 2754 2389 2796 ;
2410 2747 2531 2787 teste
2550 2741 2687 2789 Cice·

1478 2816 1594 2849 rone
1618 2802 1768 2849 Acad.
1786 2808 1950 2860 quaest.
1972 2800 2052 2845 lib.
2070 2814 2137 2846 iv.

1547 2866 1619 2911 12.
1642 2862 1925 2935 Inter-adit]
1950 2862 2150 2908 Tribuni
2173 2861 2323 2921 plebis
2345 2863 2588 2911 habebant
2602 2865 2686 2926 jus

1479 2925 1851 2982 intercessionis,
1881 2939 1920 2970 st
1952 2939 2048 2982 qua
2084 2924 2163 2970 lex
2194 2924 2269 2969 vel
2306 2928 2687 2992 senatusconsul-

1480 2998 1583 3035 tum
1629 2990 1850 3044 ferretur‚
1893 2986 2022 3043 quod
2065 2987 2294 3032 adversus
2347 2988 2537 3044 plebem
2584 3004 2689 3038 esse

1480 3051 1740 3107 videretur,
1779 3063 1883 3110 quse
1927 3047 2206 3094 intercessio
2243 3055 2346 3093 erat
2389 3048 2689 3109 inviolabilis,

1480 3128 1593 3175 voye
1630 3110 1949 3175 d'opposittbn,
1987 3119 2226 3168 tautoeque
2271 3111 2589 3170 authoritatis,
2637 3124 2692 3161 ut

1481 3177 1623 3223 docet
1645 3172 1935 3230 Fenestella,
1958 3180 2009 3218 ιιι
2039 3172 2264 3231 quicquid
2287 3181 2479 3220 senatus
2503 3175 2690 3222 statutis-

1482 3247 1572 3295 σει,
1595 3239 1662 3286 ita
1683 3239 1873 3284 demum
1905 3236 2096 3282 firmum
2128 3236 2402 3292 baberetur,
2435 3235 2473 3282 si
2511 3237 2688 3286 tribuni

1482 3304 1849 3361 approbassent.

1543 3364 1614 3412 lb.
1635 3364 1705 3411 M.
1726 3359 1995 3422 Antonius]
2024 3360 2071 3408 Is
2095 3367 2167 3407 est
2189 3363 2249 3407 de
2282 3375 2375 3420 quo
2399 3360 2448 3409 in
2469 3364 2691 3413 omnibus

1481 3427 1554 3474 bis
1577 3426 1709 3474 libris
1742 3433 1903 3472 tamen
1937 3426 2108 3471 crebra
2139 3424 2191 3470 fit
2225 3425 2421 3482 mentio,
2458 3425 2506 3472 in
2545 3442 2689 3486 quem

1483 3489 1656 3536 Cicero
1692 3486 1983 3548 Philippicas
2020 3486 2261 3535 orationes
2299 3488 2491 3547 scripsit
2511 3498 2557 3536 et
2579 3506 2688 3550 pro·

1481 3552 1734 3609 nuntiavit,
1771 3550 1851 3611 qui
1890 3551 2085 3597 tandem
2123 3564 2273 3609 remp.
2296 3548 2485 3608 invasit,
2522 3561 2571 3599 et
2593 3553 2689 3600 Ro-

1480 3628 1677 3662 manum
1721 3613 1973 3674 imperium
2014 3628 2122 3659 cum
2178 3612 2368 3660 Caesare
2423 3613 2690 3662 Octaviano

1481 3677 1705 3736 partitus,
1743 3678 1806 3723 ad
1843 3683 2109 3722 extremum
2148 3677 2210 3722 ab
2244 3691 2303 3722 eo
2338 3675 2488 3722 victus
2527 3677 2688 3723 navali
2781 3715 2791 3726 .

1481 3740 1651 3798 proelio
1673 3741 1802 3797 apud
1826 3739 2031 3794 Actium,
2048 3753 2214 3784 necem
2238 3738 2325 3784 sibi
2349 3738 2590 3785 conscivit.

1547 3801 1614 3849 lb.
1647 3802 1701 3862 ρ.
1737 3800 1955 3874 Cassius]
1991 3800 2266 3847 Cassiorum
2300 3815 2435 3861 gens,
2462 3799 2604 3860 quam
2638 3802 2688 3848 in

1481 3864 1689 3911 familias
1712 3865 1831 3910 duas
1854 3864 2008 3911 divisa
2028 3872 2170 3921 esset,
2192 3878 2394 3924 quarum
2422 3863 2575 3910 altera
2597 3864 2688 3913 Pa-

1480 3927 1623 3974 tricia
1637 3926 2001 3974 Vitellianorum
2020 3934 2142 3984 erat,
2158 3925 2313 3972 altera
2329 3924 2541 3973 Prebera
2563 3926 2688 3974 Lon-

1480 3989 1719 4051 ginorum.
1800 3989 1908 4048 Ipse
1942 3990 1996 4043 Q.
2033 3989 2229 4036 Cassius
2259 3989 2319 4034 de
2358 3988 2688 4050 Longinorum

1482 4052 1668 4099 familia
1699 4060 1819 4108 erat,
1852 4052 1988 4114 cujus
2022 4061 2225 4099 mortem
2257 4050 2363 4111 lege
2391 4050 2439 4096 in
2462 4050 2594 4098 libris
2616 4066 2689 4100 se-
2745 4091 2751 4103 .

1480 4115 1749 4174 quentibus.

1544 4178 1620 4223 20.
1649 4176 1916 4239 completur
1935 4175 2080 4238 urbs]
2116 4175 2342 4224 Evoeatis
2360 4176 2538 4223 scilicet
2561 4183 2611 4222 et
2632 4175 2689 4225 iis

1481 4254 1604 4299 quos
1627 4241 1904 4287 accersebat
1927 4238 2200 4299 Pompeius,
2222 4239 2396 4286 deinde
2420 4247 2597 4296 puncto
2618 4240 2688 4287 in·

1482 4310 1627 4349 serto.
1691 4303 1768 4349 Ad
1787 4302 1871 4363 jus
1893 4302 2192 4350 comitiorum
2215 4301 2428 4347 tribunos
2453 4301 2517 4360 pl.
2541 4301 2689 4349 Curio

1484 4374 1668 4412 evocat.
1719 4364 1813 4411 Sed
1836 4366 1936 4411 baec
1959 4366 2123 4420 verba,
2144 4362 2413 4424 Completur
2433 4363 2556 4421 urbs,
2573 4365 2687 4412 mibi

1482 4427 1708 4474 videntur
1726 4424 1754 4473 ὲ
1776 4427 1991 4486 margine
2014 4426 2059 4470 in
2084 4433 2265 4471 textum
2287 4424 2547 4473 transiisse.
2611 4428 2689 4475 Ad

275 4488 350 4535 11.
375 4486 431 4534 Si
449 4502 545 4536 non
588 4487 729 4545 ασίαι,
746 4502 853 4535 emis
873 4487 1092 4537 adversioe
1108 4502 1254 4552 remp.
1263 4489 1421 4552 sactis·
1472 4489 1561 4552 jus
1584 4498 1743 4536 autem
1780 4488 2080 4535 comitiorum
2114 4495 2283 4533 evocat
2315 4488 2689 4548 defendendum,

206 4563 318 4598 rm
337 4548 525 4612 nidera}

705 4549 1050 4598 declarandum
1081 4552 1196 4610 reip.
1220 4553 1421 4600 hostem.
1484 4552 1654 4612 quibus
1676 4551 1878 4598 comitiis
1902 4548 2103 4608 populos
2128 4549 2360 4611 jusserat,
2393 4558 2447 4598 ut
2479 4552 2689 4602 absentis

207 4612 372 4672 Atque
400 4613 504 4660 baec
535 4611 729 4671 quidem
766 4612 858 4658 fuit
887 4612 958 4660 vis
990 4613 1139 4662 allata
1176 4615 1363 4661 senmtti
1395 4613 1425 4663 a
1487 4614 1693 4664 Caesaris
1718 4614 1840 4661 ratio
1864 4613 2135 4669 haberetur,
2158 4620 2205 4660 et
2236 4612 2283 4660 in
2314 4614 2690 4677 qulnquennium

213 4673 457 4734 Scipione.
519 4673 803 4724 Postulante
840 4674 968 4723 enim
1013 4675 1080 4726 M.
1120 4676 1330 4726 Antonio
1371 4685 1422 4724 ut

1484 4678 1554 4725 illi
1580 4677 1829 4742 imperium
1854 4686 2208 4738 prorogaretur.
