3059 5050
831 387 2223 575 PRAEFATIQ

466 797 949 886 UICUNQUE
994 800 1420 866 Romanorum
1468 821 1642 865 suam
1684 799 2042 865 memoriam
2084 796 2296 861 litoeris
2334 806 2625 859 eternam
2672 794 2765 860 fi-

515 908 653 950 cere
681 887 962 972 suscepit,
1013 886 1271 970 intelligi
1318 907 1431 950 sua
1474 886 1702 972 scripta
1726 884 1984 971 posteris
2023 882 2305 947 omnibus
2333 894 2446 945 aut
2462 880 2765 965 plerisque

286 970 499 1050 voluit,
529 993 657 1035 non
676 973 857 1056 quasi
890 973 1225 1055 aenigmata
1251 971 1695 1057 sapientissimo
1721 971 1941 1054 cuique
1963 989 2091 1032 esse
2118 967 2389 1050 cognita,
2435 966 2628 1050 vulgo
2657 988 2766 1029 au-

287 1068 407 1118 tem
438 1056 756 1140 incognita
794 1057 1029 1121 nesciri.
1119 1056 1698 1142 Septentrionalium
1727 1055 2043 1121 nationum
2083 1050 2375 1116 Romano
2404 1064 2769 1151 seopostmo·

286 1140 434 1204 dum
464 1141 549 1204 im
630 1142 722 1205 rio
750 1141 1307 1228 superfundendum
1336 1154 1398 1205 et
1423 1140 1782 1206 latinitatem
1804 1139 1917 1203 sua
1931 1137 2215 1205 barbarie
2236 1136 2595 1200 foedanuum
2618 1158 2768 1200 con·

287 1246 489 1304 cursu,
520 1162 747 1291 sgcemm
775 1241 869 1290 est
907 1241 975 1291 ut
1014 1241 1284 1290 veterum
1311 1228 1615 1291 Autorum
1645 1237 2043 1290 monumenta
2069 1236 2174 1286 tan
2217 1243 2361 1285 uam
2398 1219 2570 1284 caeca
2605 1223 2769 1285 nube

287 1309 536 1374 inducta
549 1314 687 1394 jam
719 1313 973 1395 agnosci
1002 1312 1305 1375 desierint.
1394 1310 1560 1375 Cum
1587 1311 1750 1375 enim
1797 1332 1924 1374 non
1969 1309 2169 1391 magis
2264 1324 2623 1369 omanorum
2651 1327 2768 1392 po-

287 1395 535 1458 tentiam
564 1396 654 1459 illi
688 1397 898 1475 Gothi,
927 1395 1177 1475 Franci,
1202 1395 1491 1475 Vandali,
1560 1397 1701 1460 uam
1740 1415 2077 1460 sermonem
2108 1391 2390 1456 immixti
2415 1391 2528 1454 sui
2555 1390 2770 1474 lingua

331 1481 732 1564 rodigassent,
752 1495 814 1545 et
838 1481 1124 1561 Gothice,
1144 1479 1469 1560 Francice,
1557 1481 1860 1559 andalice,
1882 1479 2237 1543 Romanum
2256 1475 2578 1561 imperium
2598 1476 2771 1540 inco-

208 1585 219 1589 ·
285 1501 545 1629 lentibus
582 1567 956 1650 loquendum
985 1567 1211 1646 fuisset,
1240 1588 1421 1631 novae
1445 1567 1679 1650 linguae
1700 1566 1949 1629 victoris
1972 1562 2184 1650 populi
2230 1582 2393 1640 usus,
2426 1561 2773 1627 dauemdi-

286 1670 427 1712 nem
473 1651 692 1715 veteris
733 1652 1106 1737 importavit,
1153 1651 1487 1715 desuetudo
1514 1651 1985 1733 ignorationem,
2027 1648 2336 1731 ignoratio
2364 1647 2635 1711 discendi
2664 1658 2774 1711 n‘e-

288 1735 626 1799 cessitatem
681 1737 849 1809 fecit,
929 1735 1084 1799 Inde
1130 1749 1222 1800 tot
1272 1737 1602 1799 extiterunt
1628 1733 2094 1811 Commentarii‚
2148 1732 2252 1815 qui
2279 1752 2474 1795 novas
2500 1743 2771 1796 veterum

293 1820 656 1902 scriptorum
685 1823 965 1882 tenebras
987 1821 1372 1883 discuterent.
1459 1820 1587 1883 Sed
1616 1818 2215 1882 Commentariorum
2244 1816 2510 1879 Antores
2549 1817 2772 1901 partim

295 1919 423 1968 non
455 1902 598 1962 satis
620 1901 1032 1984 perviderunt,
1053 1923 1195 1983 quae
1220 1903 1380 1963 intus
1407 1902 1582 1984 quasi
1613 1903 1724 1963 sub
1770 1902 1962 1964 densa
2006 1900 2268 1981 caligine
2295 1900 2592 1983 latebant,
2612 1902 2774 1965 unde

294 1985 538 2047 errandi
570 1987 790 2047 aborta
818 1986 1155 2062 necessitas,
1184 1986 1407 2069 partim
1453 1985 1648 2071 (qnod
1678 1985 1804 2048 fere
1835 1983 2235 2047 scribentibus
2257 1996 2348 2047 est
2367 1984 2773 2071 propositum)

291 2071 492 2150 magis
539 2090 669 2131 suae
696 2069 883 2132 samse
912 2069 1361 2148 consuluerunt,
1413 2072 1559 2133 dum
1613 2069 1778 2134 docti
1807 2069 2000 2133 videri
2028 2067 2262 2147 volunt,
2292 2067 2480 2151 quim
2505 2069 2776 2153 publice

290 2152 554 2230 utilitati,
628 2174 728 2216 uae
753 2165 881 2216 tota
910 2153 973 2215 in
993 2155 1385 2217 obscurorum
1412 2154 1684 2219 locorum
1706 2154 2105 2218 illustratione
2126 2152 2322 2217 fixerat
2343 2153 2562 2238 posita.
2647 2152 2775 2223 Im-

286 2258 407 2319 que
452 2250 544 2300 tot
655 2238 1038 2301 ommentarii
1086 2240 1214 2302 nati
1250 2240 1415 2324 pleni
1444 2261 1649 2305 rerum
1678 2240 2015 2303 alienarum
2045 2239 2084 2302 a
2111 2260 2177 2302 re
2205 2239 2538 2340 propositfl,
2590 2242 2773 2305 vacui

286 2343 401 2407 pro
446 2323 673 2385 riarum
703 2336 764 2386 et
791 2322 870 2386 ad
902 2324 1177 2386 locorum
1206 2325 1621 2406 cognitionem
1659 2324 2028 2403 facientium,
2060 2323 2164 2408 qui
2189 2325 2345 2388 adeo
2371 2344 2662 2408 magnam
2704 2324 2772 2391 in

286 2428 390 2469 mo
412 2428 507 2470 em
539 2422 959 2487 excreverunt,
985 2430 1097 2471 nec
1120 2408 1226 2471 illa
1255 2409 1415 2473 mole
1444 2410 1772 2477 lectoribus
1799 2409 2175 2495 profuerunt,
2201 2409 2306 2472 sed
2329 2409 2540 2558 ffitius
2557 2411 2772 2476 obfue-

287 2506 447 2571 runt,
474 2492 619 2557 dum
648 2507 886 2579 tempus
914 2495 1100 2558 breve
1121 2507 1183 2558 et
1208 2495 1605 2581 irreparabile
1633 2496 1800 2581 quod
1830 2494 2083 2580 singulis
2101 2508 2209 2574 est,
2252 2506 2314 2558 et
2424 2494 2519 2559 nis
2545 2495 2611 2560 in
2636 2497 2772 2561 Au·

285 2577 520 2641 toribus
544 2579 808 2662 antiquis
826 2579 1097 2663 legendis
1122 2582 1470 2665 ponendum
1501 2582 1716 2659 fuerat,
1736 2581 1802 2644 in
1819 2593 2182 2645 novatorum
2214 2580 2429 2644 assutis
2459 2580 2541 2646 ad
2562 2596 2772 2647 vetera

286 2677 680 2727 monumenta
706 2665 942 2728 laciniis
970 2665 1319 2730 evolvendis
1349 2667 1575 2732 infelici
1604 2687 1884 2730 successu
1910 2665 2075 2732 male
2106 2665 2335 2729 teritur.
2424 2664 2549 2730 cui
2601 2667 2769 2732 malo

286 2768 606 2812 occurrere
628 2749 692 2812 in
716 2751 979 2833 gratiam
1021 2751 1378 2814 nobilissimi
1408 2750 1500 2814 sui
1524 2751 1756 2820 alumni
1781 2772 2107 2834 aggressus
2500 2750 2768 2817 Carolus

285 2832 365 2895 de
395 2831 624 2896 Sancta
647 2833 876 2897 Maura
903 2833 1058 2905 Dux
1096 2834 1568 2914 Montauserius,
1612 2835 1917 2899 Ludovici
1959 2833 2084 2898 Del
2172 2836 2185 2851 ⁸
2237 2835 2251 2850 ⁶
2286 2836 2586 2916 nutritius,
2628 2838 2769 2901 bre-

287 2937 423 2979 vem
452 2918 1006 3002 interpretationem
1049 2921 1286 2983 curavit
1313 2921 1446 2983 fieri
1474 2919 1771 2997 locorum,
1803 2940 2062 3003 quorum
2110 2932 2217 2982 aut
2260 2939 2441 2983 voces
2487 2922 2768 2987 obscurae

283 3015 483 3065 essent
544 3021 651 3066 aut
708 3017 1048 3082 contextus,
1097 3018 1159 3067 et
1196 3025 1404 3066 earum
1458 3025 1658 3067 rerum
1709 3004 2184 3083 annotationem,
2224 3025 2368 3088 quoe
2400 3003 2769 3072 illustrarent

284 3101 487 3172 partes
509 3087 607 3150 vel
628 3110 833 3152 rerum
856 3104 1163 3170 gestarum
1200 3102 1516 3167 vetustate,
1554 3088 1651 3151 vel
1675 3089 1892 3150 horum
1921 3109 2160 3150 morum
2184 3091 2265 3150 ab
2308 3089 2570 3170 antiquis
2592 3090 2768 3154 dissi-

285 3171 624 3236 militudine
653 3173 895 3256 ignotas
925 3174 1021 3236 vel
1059 3173 1296 3236 dubias.
1385 3173 1458 3237 In
1512 3174 1632 3238 hoc
1682 3175 1917 3236 Autore
1967 3171 2522 3256 interpretationem
2570 3173 2768 3239 minus

284 3257 548 3341 positum
578 3272 689 3336 est,
718 3259 865 3340 quia
892 3258 956 3321 in
983 3280 1080 3336 eo,
1124 3259 1292 3406 quod
1316 3260 1392 3322 de
1419 3258 1747 3323 Aristotele
1769 3258 1920 3321 dicit
1946 3256 2193 3336 Cicero,
2220 3257 2446 3322 flumen
2475 3259 2766 3323 orationis

286 3363 557 3421 aureum,
589 3358 873 3406 notarum
902 3344 1068 3408 certe
1100 3367 1141 3429 p
1168 3365 1254 3422 ηε,
1305 3344 1448 3427 quia
1478 3365 1677 3407 rerum
1710 3345 1773 3407 in
1802 3343 2006 3407 multis
2034 3342 2331 3406 nonnulla
2376 3356 2468 3406 est
2493 3343 2769 3408 obscuri-

283 3438 397 3490 tas·
488 3426 630 3491 Hoc
660 3428 710 3491 si
740 3429 1151 3513 praestitimuS,
1182 3431 1347 3511 quod
1376 3443 1435 3492 et
1457 3444 1728 3492 nostrum
1754 3428 2072 3491 consilium
2097 3428 2213 3493 suit
2252 3442 2313 3492 et
2339 3430 2767 3513 praestantissi-

281 3512 368 3574 mi
398 3510 593 3576 Ducis
611 3511 1035 3592 Montauserii,
1083 3528 1172 3577 est
1213 3515 1377 3597 quod
1402 3515 1491 3577 illi
1515 3515 1757 3592 debeaS‚
1790 3514 1956 3598 quod
1987 3528 2044 3577 te
2073 3515 2201 3597 ejus
2229 3513 2461 3578 fructus
2506 3515 2769 3579 voluerit

284 3617 415 3659 esse
444 3598 825 3698 participem,
857 3621 1037 3682 quem
1069 3599 1449 3662 Serenissimi
1496 3598 1806 3684 Principis
1857 3599 2173 3684 proprium
2215 3620 2344 3662 esse
2373 3621 2413 3661 o
2498 3613 2766 3680 rtuerat;

287 3679 453 3744 ratus
482 3681 803 3768 Principes
831 3685 894 3747 in
923 3685 1153 3747 bonum
1186 3684 1496 3770 publicum
1521 3699 1700 3747 natos
1730 3706 1839 3747 sua
1891 3684 2100 3747 omnia
2150 3705 2352 3748 comm
2439 3705 2477 3747 a
2504 3685 2569 3748 in
2597 3684 2662 3747 id
2690 3684 2765 3748 li-

285 3766 572 3831 beraliter
599 3769 873 3833 conferre
897 3770 1137 3848 debere,
1169 3792 1309 3852 quae
1337 3769 1519 3833 etiam
1552 3769 1794 3832 illorum
1824 3769 2075 3854 propria
2121 3781 2183 3832 et
2221 3769 2387 3832 velut
2430 3769 2765 3834 domestica

284 3852 582 3918 videntur.
669 3852 735 3916 N
736 3875 819 3917 on
869 3855 1087 3940 parum
1140 3856 1320 3917 etiam
1379 3856 1563 3918 debes
1612 3853 1990 3918 Serenissimi
2043 3852 2337 3955 Delplfini
2382 3851 2761 3938 Praeceptori

288 3935 644 4017 dignissimo
671 3936 910 4002 Jacobo
939 3938 1229 4022 Benigno
1255 3938 1583 4004 Bossuetio
1614 3939 2030 4004 Condomensi
2069 3939 2379 4023 quondam
2423 3935 2760 4040 Episcopo,

291 4022 396 4102 qui
424 4023 489 4120 in
526 4024 866 4129 excolendo
895 4025 1069 4124 tanti·
1093 4024 1384 4124 discipuli·
1403 4026 1653 4125 ingenio
1681 4025 2030 4108 dilig-entem
2063 4045 2314 4125 operam
2362 4023 2603 4088 sedulus
2647 4045 2762 4088 nn-

284 4106 699 4271 ffl'fiaezi‘i
722 4109 2382 4278 ξῖἷῗίἓῑεξῖἰῒὲῃῗὲἐιξζῗὲᾏῖἳῗὴὲΐρῒέἰῖἒιῗῖ
2390 4105 2766 4281 εἷὲῗρῖἷὲἶ

281 4275 370 4338 tii
400 4276 580 4354 rexit,
629 4276 756 4341 sace
783 4281 1079 4365 praetenta
1109 4281 1222 4343 iter
1250 4281 1528 4358 ostendit,
1562 4293 1828 4344 errantes
1874 4279 2224 4363 aliquando,
2254 4291 2322 4342 ut
2349 4278 2436 4359 fit,
2478 4279 2544 4343 in
2593 4280 2760 4343 viam

284 4361 531 4424 reduxit
556 4384 575 4440 3
620 4361 739 4440 cui,
792 4366 1082 4448 quidquid
1112 4366 1213 4428 hic
1264 4379 1354 4428 est
1405 4365 1723 4449 optimum,
1773 4378 2089 4449 acceptum
2138 4363 2487 4445 referimu83
2530 4365 2582 4427 si
2610 4366 2758 4448 quid

284 4449 447 4508 enim
478 4447 677 4510 minus
709 4449 953 4527 bonum,
984 4451 1100 4514 ltoc
1131 4465 1323 4513 totum
1348 4465 1621 4513 nostrum
1652 4471 1778 4512 esse
1807 4449 2019 4513 fateor.
2109 4448 2253 4527 Sed,
2284 4447 2570 4513 Candide
2598 4447 2759 4511 Lec-

285 4541 401 4608 tor,
432 4530 687 4616 Optimo
717 4532 884 4617 Regi
930 4534 1252 4599 Ludovico
1276 4557 1410 4599 xlv.
1453 4534 1759 4598 Ludovici
1789 4533 2169 4596 Serenissimi
2199 4532 2493 4618 Delphini
2521 4533 2759 4616 parenti

281 4615 440 4680 bene
465 4639 735 4703 precare,
765 4620 869 4704 qui
898 4641 1009 4684 nos
1033 4621 1297 4685 honestis
1320 4621 1647 4750 ρῐορὲεὲῐίε
1672 4619 1941 4703 praemiis
1970 4621 2050 4682 ad
2072 4621 2185 4682 hoc
2204 4631 2759 4703 quantumcumque
