3059 5050
393 305 520 365 392
1188 294 1312 361 DE
1358 293 1665 361 BELLO
1710 294 2060 361 HISPAN.

475 446 712 510 Eorum
740 445 936 508 oratio
966 444 1221 529 simplex
1250 445 1361 507 fuit
1384 459 1442 507 et
1467 459 1699 529 aperta,
1725 460 1782 507 et
1806 447 2024 508 brevis.
2100 443 2169 506 Si
2195 442 2280 506 eis
2305 443 2488 507 vitam
2520 440 2876 526 largiretur,

477 554 540 595 se
570 533 669 594 die
698 534 981 616 proximo
1011 530 1300 613 oppidum
1352 532 1681 593 dedituros,
1775 532 2017 613 Quibus
2049 528 2265 592 Caesar
2297 531 2412 590 hoc
2450 551 2633 591 unum
2682 531 2882 591 breve

476 618 826 699 respondit3
857 615 1073 678 Coesar
1098 636 1249 691 sum,
1276 616 1457 678 fidem
1491 618 1818 700 praesmbO.
1898 615 2003 677 Sic
2031 615 2307 678 effectum
2328 627 2419 677 est
2447 628 2511 676 ut
2541 630 2678 675 ante
2701 617 2878 676 diem

478 724 564 764 xt.
612 701 922 764 Kalendas
969 699 1154 762 Mart.
1203 701 1433 783 oppido
1465 703 1776 783 potiretur.
1878 700 1950 762 Id
1998 721 2136 762 cum
2183 698 2484 783 Pompeio
2514 717 2721 761 notum
2756 714 2878 775 est,

392 791 434 849 5
480 788 755 870 deposita
778 807 882 869 spe
905 786 1171 866 curaque
1196 784 1512 847 Cordubae
1540 785 1954 863 defendendae,
1975 786 2306 867 castrisque
2332 784 2527 861 motiS,
2555 785 2876 860 abscessit,

480 895 551 935 ac
580 870 839 934 Ucubim
867 872 1157 954 oppidum
1192 872 1378 953 petiit.
1473 869 1692 954 Ibique
1715 873 2066 933 convocatis
2097 892 2250 953 quos
2279 870 2393 932 sibi
2422 870 2577 931 fidos
2605 871 2880 931 arbitra-

479 960 674 1033 batur,
707 957 1045 1040 imperavit,
1075 970 1142 1018 ut
1172 976 1407 1017 summo
1438 957 1639 1018 studio
1679 958 2107 1040 perquirerent,
2140 957 2243 1038 qui
2275 956 2352 1017 ad
2383 975 2542 1032 eum,
2571 956 2759 1037 quive
2791 956 2880 1018 ad

480 1041 793 1105 Caesarem
842 1041 1016 1126 proni
1067 1055 1279 1102 essent.
1369 1040 1566 1124 Quod
1606 1043 1744 1103 cum
1777 1042 1856 1103 ad
1886 1062 1948 1102 se
1978 1040 2230 1103 relatum
2260 1054 2432 1116 esset,
2466 1061 2633 1102 nnv.
2666 1062 2746 1102 ex
2783 1039 2880 1102 his

479 1128 581 1210 qui
608 1127 874 1190 faventes
895 1126 1165 1187 Caesaris
1190 1126 1461 1188 victoriae
1483 1128 1859 1203 dicebantur,
1885 1126 2056 1208 quasi
2079 1126 2394 1188 Caesarem
2421 1146 2628 1187 amare
2653 1126 2880 1205 ingens

395 1214 703 1277 locrimen
735 1224 906 1288 esset,
938 1212 1131 1272 securi
1180 1211 1331 1273 ictos
1362 1212 1603 1274 occidit.
1697 1211 1995 1293 Reliquos
2023 1212 2182 1274 intra
2212 1232 2294 1296 op
2338 1211 2503 1273 idum
2536 1210 2806 1287 inclusit,
2838 1212 2882 1247 ὓ

474 1299 778 1381 equitibus
821 1319 961 1359 cxx.
994 1296 1239 1359 reclusis
1286 1298 1576 1359 custodiis
1619 1298 1698 1359 ad
1747 1296 2060 1359 Coesarem
2111 1309 2274 1358 trans
2301 1311 2579 1377 agerunt.
2667 1295 2880 1358 Multa

472 1398 773 1470 praeterea
820 1385 897 1445 ab
927 1383 1071 1464 ipsis
1120 1380 1514 1465 Pompeianis
1546 1404 1654 1466 per
1694 1383 1938 1444 eosdem
1987 1382 2114 1443 dies
2145 1382 2465 1443 crudeliter
2494 1396 2666 1463 gesta
2697 1395 2877 1459 sunt;

474 1489 615 1532 ceu·
640 1467 1071 1553 praesagientes
1118 1467 1221 1528 sati
1254 1468 1412 1528 diem
1444 1469 1558 1529 sibi
1592 1469 1833 1543 instare,
1864 1484 1923 1529 et
1953 1467 2084 1553 (qui
2134 1486 2263 1529 mos
2293 1466 2450 1529 serus
2478 1480 2568 1528 est
2595 1487 2874 1547 quorun-

471 1554 649 1639 dum)
678 1553 921 1616 inferias
944 1553 1056 1614 sibi
1086 1555 1451 1636 praemittere
1476 1553 1676 1615 aliena
1698 1554 1870 1615 caede
1895 1553 2325 1635 quaerentibns.
2392 1551 2728 1635 Pompeius
2755 1553 2874 1614 boc

390 1646 749 1724 l5tempore
800 1639 1361 1720 magnanimitatem
1423 1660 1615 1715 suam,
1663 1640 1844 1701 etiam
1906 1652 2129 1701 metum
2190 1636 2461 1700 Caesaris
2517 1637 2871 1700 simulabat.

471 1726 753 1789 lnveutae
779 1738 915 1785 suut
940 1723 1155 1785 litterae
1179 1724 1305 1803 ejus
1330 1724 1725 1802 continentes,
1754 1723 2068 1786 Caesarem
2095 1745 2217 1786 non
2244 1723 2464 1785 audere
2489 1723 2551 1784 in
2575 1743 2714 1785 cam
2771 1745 2872 1786 mn

466 1813 685 1896 copias
713 1810 989 1885 educere,
1016 1809 1137 1870 suis
1162 1810 1479 1891 tyronibus
1503 1810 1892 1887 diffidentem,
1919 1811 2020 1892 qui
2054 1809 2100 1870 si
2127 1809 2367 1891 copiam
2399 1808 2590 1891 aeqnis
2621 1809 2686 1870 in
2743 1810 2876 1871 ocis

473 1897 809 1980 aliquando
833 1894 1076 1971 faceret,
1101 1916 1166 1955 se
1190 1914 1313 1955 rem
1343 1894 1613 1956 omnium
1636 1895 1924 1979 opinione
1947 1894 2197 1956 celerius
2220 1892 2656 1970 confecturum,
2685 1894 2876 1977 idque

470 2004 533 2046 se
561 1996 939 2081 exspectare,
969 1981 1150 2041 etiam
1183 2002 1443 2062 sperare.
1533 1979 1671 2042 Ibat
1715 1994 2009 2065 proeterea
2049 1978 2379 2063 Hispanias
2419 1980 2775 2055 ambiend0‚
2811 1995 2876 2041 ut

382 2068 601 2152 20ipse
624 2068 890 2142 dicebat,
921 2065 1192 2127 civitates
1224 2086 1465 2127 suarum
1500 2068 1760 2149 partium
1788 2067 2224 2128 conservando·
2311 2063 2527 2146 Itaque
2556 2062 2872 2147 Hispalim

468 2156 651 2230 venit,
682 2166 1014 2232 contraque
1038 2151 1246 2212 urbem
1275 2152 1335 2211 in
1362 2150 1587 2213 oliveto
1616 2165 1814 2213 castra
1846 2151 2063 2235 posuit.
2146 2149 2299 2212 Inde
2329 2149 2479 2211 alias
2503 2164 2686 2232 atque
2713 2150 2870 2213 alias

464 2240 635 2302 adiit.
725 2237 827 2299 Ad
871 2251 1201 2298 extremum
1250 2234 1504 2298 Muudae
1551 2237 1829 2314 substitit,
1876 2258 2056 2320 quam
2104 2237 2398 2320 supremis
2427 2235 2706 2297 cladibus
2737 2237 2872 2317 ejus

466 2323 711 2387 fortuna
783 2322 1110 2402 delegerat.
1198 2319 1298 2382 Εὸ
1327 2337 1388 2384 et
1417 2320 1637 2384 Caesar
1676 2323 1857 2399 venit,
1887 2336 2220 2404 contraque
2248 2320 2614 2403 Pompeium
2663 2336 2868 2383 castra

465 2422 719 2472 metatus
747 2422 855 2470 est.
931 2406 1261 2490 Pompeius
1292 2405 1522 2470 Fausto
1554 2409 1893 2491 scripserat,
1920 2408 2021 2491 qui
2048 2421 2338 2489 quantum
2370 2406 2548 2468 datur
2578 2406 2865 2489 intelligi,

378 2496 623 2558 25intra
670 2494 968 2578 oppidum
1018 2506 1185 2556 erat:
1246 2492 1560 2556 Ceesarem
1605 2495 1864 2557 mediam
1912 2494 1974 2556 in
2023 2492 2240 2556 vallem
2286 2492 2446 2555 nolle
2473 2492 2866 2571 descendere,

463 2580 627 2662 quod
676 2579 982 2643 exercitiis
1030 2580 1119 2639 sui
1167 2600 1394 2661 magna
1441 2602 1583 2663 pars
1633 2595 1914 2662 tyronum
1963 2594 2137 2642 esset.
2226 2578 2388 2661 Quae
2433 2577 2654 2640 litterae
2697 2580 2868 2641 miris

462 2666 660 2727 modis
690 2665 1143 2748 oppidanorum
1176 2664 1411 2725 animos
1443 2664 1818 2728 attollebant.
1915 2665 2164 2749 Cupide
2206 2665 2365 2726 euim
2399 2684 2532 2747 spes
2563 2664 2864 2747 arripiunt

459 2771 672 2812 omnes
704 2748 1010 2825 mortales,
1041 2750 1222 2810 etiam
1254 2771 1326 2811 ea
1374 2751 1490 2812 sibi
1533 2751 1770 2831 fingunt
1814 2750 2052 2826 animiS,
2084 2765 2224 2833 quoe
2254 2770 2378 2811 non
2407 2770 2554 2824 esse,
2587 2771 2700 2812 nec
2735 2750 2863 2811 fieri

461 2857 637 2919 posse
684 2848 1085 2917 cognoscunt.
1174 2832 1338 2896 Tam
1388 2834 1566 2897 dulce
1609 2850 1701 2897 est
1747 2857 1869 2898 non
1913 2836 2113 2898 dicam
2158 2855 2419 2919 sperare,
2451 2835 2556 2896 sed
2585 2837 2866 2916 cog-itare

377 2926 600 3003 30quae
625 2920 950 2983 delectant.
1020 2919 1208 3002 Quod
1233 2921 1393 2983 enim
1422 2922 1503 2983 im
1621 2921 1821 2983 sibilia
1851 2937 2183 3006 sperentur,
2211 2942 2334 2983 uon
2364 2918 2662 3002 intelligo.
2735 2920 2865 2983 Co-

459 3007 641 3089 gitari
675 3023 879 3070 autem
912 3017 1166 3106 possunt
1192 3009 1420 3069 omnia.
1507 2942 1676 3068 &dm
1728 3027 1790 3068 se
1832 3007 1915 3069 sic
1946 3006 2299 3091 Pompeius,
2332 3007 2417 3068 sic
2449 3004 2604 3067 alios
2635 3005 2864 3068 solare-

460 3106 576 3170 tur,
606 3107 667 3154 et
696 3094 951 3174 ingenti,
994 3107 1287 3174 quantum
1338 3093 1621 3170 arbitror,
1666 3092 2071 3155 sollicitudine
2100 3093 2383 3174 agitatus,
2415 3091 2647 3173 magna
2689 3107 2862 3175 parte

458 3179 656 3240 noctis
686 3177 925 3240 structis
970 3177 1221 3240 instaret
1266 3178 1550 3256 aciebus;
1610 3176 1847 3254 Caesar,
1894 3179 2099 3240 nescio
2146 3198 2411 3259 quonam
2452 3177 2566 3238 iter
2595 3191 2859 3254 acturus,

458 3265 672 3326 castris
696 3263 1150 3345 egrediebatur.
1241 3263 1363 3325 Cui
1414 3263 1553 3325 cum
1604 3276 1791 3325 status
1841 3264 2100 3326 hostium
2150 3264 2458 3325 nuntiatus
2504 3276 2680 3339 esset,
2713 3284 2862 3324 eon·

375 3350 624 3425 institit,
655 3349 1088 3430 constituitque
1118 3349 1331 3410 aciem.
1428 3347 1813 3411 Concursum
1845 3365 1935 3411 est
1963 3350 2204 3431 magnis
2235 3347 2377 3410 hinc
2407 3348 2550 3409 iude
2573 3347 2858 3409 clamori-

459 3435 612 3511 bus3
661 3434 763 3495 sed
796 3434 1131 3515 majoribus
1161 3434 1400 3510 animis,
1432 3434 1838 3496 ineffabilibus
1869 3435 2023 3496 odiis
2054 3449 2235 3516 atque
2266 3434 2588 3509 immensiS,
2615 3455 2860 3516 pugna-

454 3533 706 3600 tumque
753 3523 975 3581 acriter
1021 3540 1093 3579 ac
1142 3519 1552 3601 pertinaciter,
1581 3534 1642 3581 et
1673 3519 1865 3605 (qued
1915 3520 2073 3604 pene
2104 3520 2453 3604 pudendum
2486 3517 2717 3581 dixeris
2751 3520 2859 3580 hu-

456 3625 658 3667 manae
698 3603 1051 3686 fragilitatis
1099 3604 1421 3689 indicium)
1472 3627 1770 3690 nusquam
1821 3603 2082 3682 Caesari,
2121 3619 2392 3668 autenm
2425 3604 2722 3680 hostibus,
2757 3621 2862 3665 aut

454 3711 593 3752 cum
625 3690 865 3752 civibus
906 3703 1031 3751 tam
1062 3711 1288 3774 auceps
1334 3705 1605 3766 eventus,
1634 3705 1984 3754 exn-emove
2125 3690 2286 3753 'culo
2316 3689 2567 3774 propius
2599 3709 2694 3751 res
2725 3690 2857 3751 suit.

367 3773 667 3857 40Usque
697 3776 853 3837 adeo
897 3788 960 3836 ut
992 3774 1175 3862 (sicut
1203 3775 1652 3856 elegantissime
1687 3777 1771 3839 ait
1803 3775 2022 3839 Florus
2084 3775 2264 3860 plane
2294 3775 2606 3838 videi-etun<
2649 3776 2861 3836 nescio

452 3861 599 3944 quid
632 3861 967 3924 deliberare
997 3860 1276 3923 fortuna:
1322 3861 1503 3924 etiam
1536 3862 1683 3944 quid
1715 3862 1880 3925 aliud
1916 3883 2068 3939 rear,
2102 3862 2236 3938 nisi,
2270 3883 2348 3923 an
2378 3861 2645 3922 amicum
2679 3881 2856 3922 sunm

454 3968 643 4030 usque
672 3949 733 4009 in
766 3948 948 4009 finem
976 3968 1115 4009 rara
1139 3946 1319 4010 etiam
1347 3948 1458 4010 sibi
1486 3969 1733 4031 prorsus
1758 3949 1999 4010 insolita
2025 3948 2142 4009 fide
2167 3946 2580 4023 comitaretur,
2608 3967 2688 4008 an
2715 3967 2854 4008 eum

448 4047 726 4095 extremo
755 4034 889 4113 jam
921 4032 1077 4095 calle
1106 4033 1424 4110 desereret,
1470 4035 1552 4096 ad
1595 4035 1778 4095 alium
1821 4035 2117 4096 transiret.
2205 4030 2533 4114 Tantaque
2564 4032 2701 4093 haec
2736 4033 2858 4094 for-

450 4133 617 4180 tunoe
647 4118 1008 4181 deliberatio
1052 4133 1173 4180 tam
1207 4119 1514 4196 diuturna,
1540 4135 1608 4182 ut
1637 4120 1792 4182 iuter
1823 4141 2023 4181 moras
2053 4118 2274 4202 proelii,
2306 4132 2583 4180 neutrum
2618 4117 2684 4178 in
2712 4139 2858 4201 par·

365 4208 581 4274 45tem
602 4203 933 4266 inclinante
962 4204 1239 4282 victoria,
1271 4204 1411 4266 cum
1429 4207 1566 4286 jam
1598 4221 1883 4268 veterana
1921 4205 2038 4268 illa.
2056 4204 2312 4266 militum
2344 4223 2560 4265 manus
2589 4217 2682 4264 tot
2711 4224 2862 4286 pro-

448 4292 595 4352 bata
625 4290 896 4353 victoriis
930 4287 1265 4375 (Caesareis
1294 4292 1486 4352 oculis
1518 4293 1814 4354 insuetum
1842 4289 2131 4365 dedecus)
2160 4290 2379 4351 sensim
2405 4302 2568 4350 retro
2591 4287 2854 4371 sugeret.

390 4453 397 4460 .
449 4395 562 4436 nec
609 4397 734 4458 quo
779 4376 977 4438 minus
1024 4375 1227 4459 palam
1275 4375 1529 4458 sugeret,
1578 4391 1699 4439 tam
1752 4377 1989 4453 virtute,
2036 4377 2217 4459 quam
2265 4375 2496 4459 pudore
2527 4389 2850 4436 teneretur.

448 4457 637 4538 Quod
660 4481 973 4544 nunquam
1006 4476 1147 4525 ante
1176 4461 1344 4523 illum
1376 4461 1536 4524 diem
1570 4461 1811 4537 fecerat,
1843 4462 2121 4524 dubitare
2145 4460 2366 4523 Caesar
2387 4459 2648 4543 coeperit
2671 4475 2855 4540 atque

447 4541 737 4620 diffidere,
762 4548 944 4608 etiam
978 4547 1156 4609 solito
1182 4547 1456 4608 moestior
1479 4561 1621 4609 ante
1645 4547 1837 4609 aciem
1864 4561 2042 4623 stare,
2071 4548 2154 4608 ita
2177 4560 2380 4608 tamen
2407 4559 2474 4606 ut
2503 4544 2655 4606 nihil
2689 4545 2850 4605 idem

363 4626 523 4686 50de
553 4625 732 4688 solita
759 4630 1153 4711 imperatoria
1181 4632 1399 4694 virtute
1430 4633 1785 4694 remitteret:
1845 4632 1968 4694 imo
2017 4654 2176 4715 equo
2207 4630 2505 4706 desiliens,
2540 4643 2595 4691 et
2629 4629 2852 4690 furenti

443 4708 801 4788 simillimus,
852 4715 1111 4795 primam
1160 4717 1431 4801 peditum
1475 4718 1541 4779 in
1590 4719 1784 4781 aciem
1833 4718 2123 4796 evolaret,
2172 4717 2463 4792 clamans,
2503 4716 2852 4798 increpans,
