3059 5050
1301 279 1577 346 LIBER
1617 280 1794 346 vm.
2620 293 2747 353 167

313 426 502 490 simos
544 445 738 509 agros-
770 423 1121 510 Biturignm
1162 427 1430 492 inducitt
1487 431 1591 513 qui
1636 450 1819 513 quum
1865 427 2021 491 latos
2060 428 2227 507 fines,
2271 443 2333 494 et
2358 432 2669 517 complura

320 512 547 595 oppida
575 511 880 587 haberent,
906 513 1082 574 unius
1111 511 1367 593 legionis
1396 514 1657 576 hibernis
1686 535 1807 576 non
1836 527 2156 597 potuerant
2181 517 2493 594 contineri,
2523 521 2666 600 quin

316 595 543 657 bellum
617 609 873 673 ararent,
904 597 1462 680 conjurationesque
1486 598 1765 659 facerent.
2612 654 2629 670 ,

400 676 520 740 III.
564 617 909 761 Repentino
938 680 1195 742 adventu
1220 679 1484 743 Caesaris
1506 683 1743 758 accidit,
1770 682 1931 763 quod
1958 682 2269 766 ilnparatis
2292 684 2669 769 disjectisque

320 760 436 825 fuit
477 783 730 839 necesse,
763 778 827 825 ut
856 763 981 825 sine
1024 766 1232 826 timore
1260 765 1384 826 ullo
1413 786 1555 827 rura
1582 765 1841 827 colentes
1869 766 2032 850 prius
2062 768 2140 827 ab
2169 768 2433 849 equitatu
2465 790 2547 853 op
2589 772 2668 832 ri·
2706 774 2749 833 5

322 860 641 922 merentur,
687 849 868 929 quam
915 848 1235 929 confugere
1282 850 1342 910 in
1391 850 1615 933 oppida
1662 864 1919 933 possent.
2004 849 2285 933 Namque
2312 855 2489 913 etiam
2522 855 2539 913 i
2565 852 2671 916 lud

322 930 573 1011 vulgare
603 931 956 993 incursionis
1003 933 1239 1013 signum
1287 932 1565 1009 hostium,
1595 934 1760 1016 quod
1807 934 2092 996 incendiis
2136 935 2528 997 aedificiorum
2574 938 2671 998 in-

328 1014 516 1096 telligi
565 1017 890 1091 consuevit,
922 1014 1189 1078 Caesaris
1219 1017 1279 1078 id
1323 1031 1451 1079 erat
1495 1018 1813 1080 interdicto
1840 1018 2176 1080 sublatum:
2220 1039 2297 1080 ne
2343 1034 2449 1080 aut
2490 1022 2668 1103 copia

324 1099 531 1197 pabuli
584 1099 995 1180 frumentique,
1026 1100 1074 1160 si
1124 1099 1363 1181 longius
1411 1102 1693 1185 progredi
1738 1101 1931 1178 vellet,
1961 1103 2275 1181 deficeret;
2337 1116 2440 1165 ant
2476 1105 2669 1165 hostes
2691 1111 2705 1123 ⁵

324 1182 613 1244 incendiis
645 1195 1014 1245 terrerentur.
1072 1183 1313 1267 ,Multis
1342 1185 1651 1247 hominum
1683 1185 1942 1247 millibus
1985 1187 2194 1269 captis,
2223 1189 2515 1269 perterriti
2560 1187 2754 1250 Bi-lo

324 1269 566 1347 turigeS‚
621 1268 721 1349 qui
774 1267 1034 1349 primum
1087 1269 1406 1329 adventum
1452 1268 1714 1350 effugere
1758 1284 2077 1351 potuerant
2127 1268 2565 1347 Romanorum,
2608 1274 2671 1334 in

324 1350 604 1413 finitimas
634 1351 921 1428 civitatee,
953 1367 1057 1413 aut
1086 1352 1331 1435 privatis
1361 1353 1633 1436 hospitiis
1668 1353 1899 1428 confisi,
1930 1365 2035 1415 aut
2060 1353 2341 1414 socictate
2390 1355 2671 1416 consilio-

324 1455 476 1511 rum,
507 1436 920 1517 confugerant.
1009 1435 1278 1498 Frustra.
1366 1435 1529 1498 Nam
1561 1434 1776 1498 Caesar
1804 1438 2040 1517 magnis
2065 1437 2370 1497 itineribus
2395 1440 2672 1500 omnibus

317 1518 472 1581 locis
525 1521 786 1582 occurrit
803 1542 822 1598 ;
865 1540 976 1582 nec
1018 1522 1123 1582 dat
1170 1521 1275 1583 ulli
1322 1522 1551 1584 civitati
1599 1521 1850 1603 spatium
1900 1521 1975 1582 de
2023 1521 2219 1583 aliena
2242 1521 2458 1603 potius,
2489 1524 2670 1604 quam

323 1604 399 1665 de
419 1605 747 1666 domestica
769 1605 958 1667 salute
981 1606 1306 1686 cogitandi.
1395 1604 1537 1685 Qua
1561 1605 1878 1680 celeritate,
1902 1618 1961 1665 et
1982 1604 2184 1667 fideles
2210 1607 2435 1667 amicos
2460 1608 2752 1670 retine-15

323 1689 449 1763 bat,
493 1702 553 1750 et
579 1689 917 1750 dubitantes
958 1703 1181 1750 terrore
1210 1690 1288 1751 a‘d
1318 1690 1690 1750 conditiones
1720 1688 1884 1769 pacis
1914 1689 2269 1751 adducebat.
2355 1688 2497 1751 Tali
2527 1711 2674 1754 con·

326 1772 552 1834 ditione
581 1771 908 1855 proposita,
939 1770 1265 1852 Bituriges,
1290 1793 1470 1852 quum
1510 1772 1622 1832 sibi
1651 1772 1921 1833 viderent
1947 1772 2257 1834 clementia
2288 1771 2553 1834 Caesaris
2580 1795 2674 1836 re-

326 1856 517 1917 ditum
567 1870 770 1937 patere
799 1855 860 1915 in
889 1856 1016 1935 ejus
1046 1856 1392 1931 amicitiam,
1423 1854 1822 1935 finitimasque
1850 1855 2117 1916 civitates
2164 1856 2289 1916 sine
2331 1856 2449 1917 ulla
2479 1858 2676 1938 poeni

330 1940 562 2001 dedisse
591 1938 846 2015 obsides,
879 1954 1057 2020 atque
1081 1940 1141 1999 in
1171 1938 1349 2001 fidem
1381 1953 1651 2021 receptas
1679 1958 1822 2014 esse,
1850 1938 2005 1999 idem
2037 1938 2317 2001 fecerunt.

415 2021 529 2084 IV.
575 2021 790 2085 Caesar
817 2023 1103 2084 militibus
1150 2044 1260 2106 pro
1289 2037 1457 2084 tanto
1486 2023 1693 2085 labore
1724 2043 1795 2083 ac
1820 2023 2122 2106 patientia,
2155 2024 2256 2104 qui
2305 2025 2759 2088 brumalibusw

309 2107 556 2183 diebus,
611 2106 919 2168 itineribus
966 2107 1346 2183 difficillimis,
1395 2106 1718 2187 frigoribus
1787 2106 2194 2183 intolerandis,
2248 2108 2675 2172 studiosissime

327 2204 780 2274 permanserant
824 2190 885 2251 in
915 2189 1139 2266 labore,
1182 2191 1447 2255 ducenos
1489 2190 1785 2251 sestertios
1803 2212 1823 2268 3
1866 2193 2331 2268 centurionibus,
2375 2213 2446 2253 11.
2491 2192 2679 2256 millia

329 2275 640 2337 nummum
664 2275 892 2358 praedae
921 2275 1163 2336 nomine
1192 2275 1593 2336 condonanda
1603 2274 1971 2419 golliceturt
2016 2273 2470 2358 legionibusque
2494 2277 2555 2338 in
2587 2278 2677 2339 hi-

331 2361 516 2422 berna
543 2360 820 2435 remissiS,
851 2359 978 2442 ipse
1006 2380 1068 2420 se
1097 2359 1320 2443 recepit
1346 2358 1445 2421 die
1475 2379 1574 2420 11..
1667 2360 1907 2420 ibracte.
1976 2357 2072 2420 Ibi
2101 2380 2280 2441 quum
2299 2361 2404 2441 jus
2432 2360 2673 2439 diceret,

329 2443 638 2526 Bituriges
663 2444 740 2505 ad
770 2464 903 2504 eum
935 2443 1167 2525 legatos
1197 2444 1454 2518 mittunt,
1485 2442 1777 2504 auxilium
1825 2443 2069 2526 petitum
2119 2459 2328 2505 contra
2356 2442 2757 2524 Carnutes,26

331 2551 480 2614 quos
521 2527 788 2590 intulisse
816 2528 1037 2590 bellum
1069 2529 1181 2590 sibi
1235 2529 1652 2610 querebantur.
1739 2526 1880 2607 Qua
1928 2549 1989 2589 re
2035 2530 2297 2609 cognita,
2329 2550 2510 2611 quum
2554 2551 2676 2593 non

331 2614 587 2698 amplius
617 2635 673 2674 x.
704 2627 763 2674 et
790 2633 930 2675 vm.
968 2613 1095 2675 dies
1125 2614 1187 2675 in
1215 2612 1476 2675 hibernis
1504 2625 1655 2674 esset
1681 2627 2105 2689 commoratus,
2136 2612 2402 2695 legiones
2450 2633 2574 2675 nv.
2617 2628 2678 2677 et

329 2720 417 2761 vx.
447 2720 526 2761 ex
556 2698 817 2760 hibernis
863 2698 941 2760 ab
969 2697 1163 2760 Arare
1205 2697 1442 2759 educitz
1487 2718 1636 2779 quas
1682 2696 1764 2757 ibi
1812 2696 2137 2759 collocatas
2180 2697 2561 2780 explicandas
2591 2699 2675 2759 rei

332 2782 735 2845 frumentaria?
782 2782 1011 2858 caussa,
1060 2783 1361 2865 superiore
1406 2780 1837 2843 commentario
1883 2781 2349 2844 demonstratum
2387 2796 2492 2844 est.
2580 2781 2677 2845 Ita

332 2889 465 2930 cum
499 2889 571 2929 11.
598 2866 934 2948 legionibus
963 2867 1040 2928 ad
1072 2866 1511 2948 persequendos
1538 2863 1834 2927 Carnutes
1859 2865 2276 2947 proficiscitur.
2678 2869 2762 2928 30

414 2950 494 3013 V.
550 2951 753 3034 Quum
803 2950 965 3011 fama
993 2950 1289 3011 exercitiis
1335 2950 1414 3010 ad
1463 2950 1657 3009 hostes
1685 2960 1837 3009 esset
1860 2948 2106 3030 perlata,
2136 2949 2474 3009 calamitate
2501 2963 2680 3011 caete-

332 3058 535 3098 rorum
577 3035 739 3098 ducti
771 3033 1089 3110 CarnuteS,
1137 3034 1381 3095 desertis
1410 3032 1559 3093 vicis
1604 3032 1978 3114 oppidisque,
2031 3052 2169 3112 quae
2198 3031 2528 3093 toleranda»
2558 3033 2681 3095 bie-

335 3120 446 3182 mis
476 3121 704 3196 caussa,
747 3120 1079 3181 constitutis
1110 3118 1352 3200 repente
1382 3115 1620 3195 exiguis
1649 3115 1727 3176 ad
1756 3115 2161 3175 necessitatem
2192 3113 2485 3190 aedificiis,
2516 3115 2683 3176 inco·

333 3204 554 3282 lebant,
584 3205 689 3290 (nu
769 3226 800 3265 r
828 3203 984 3266 enim
1016 3201 1234 3265 devicti
1264 3199 1579 3284 complura
1607 3198 1832 3283 oppida
1861 3197 2232 3282 dimiserant)
2263 3198 2512 3282 dispersi
2544 3219 2684 3281 pro-

332 3287 591 3372 fugiunt.
738 3310 894 3351 aesar
934 3300 1305 3370 erumpentes
1355 3306 1430 3348 eo
1482 3283 1748 3346 maxime
1778 3296 2044 3365 tempore
2085 3281 2403 3344 acerrimas
2431 3286 2764 3365 tempes-35

333 3389 481 3436 tates
510 3394 692 3457 quum
724 3374 922 3434 subire
969 3372 1182 3433 milites
1210 3369 1412 3447 nollet,
1454 3369 1515 3430 in
1563 3368 1790 3452 oppido
1820 3366 2155 3428 carnutum
2189 3365 2443 3428 Genabo
2490 3379 2687 3430 castra

334 3460 536 3542 ponit3
580 3472 757 3541 atque
788 3458 849 3519 in
880 3470 1036 3518 tecta
1064 3455 1279 3540 partim
1309 3453 1644 3529 Gallorum,
1676 3453 1890 3535 partim
1923 3473 2062 3532 quse
2108 3451 2390 3531 conjectis
2418 3452 2688 3514 celeriter

335 3542 691 3620 stramentis,
716 3542 1107 3603 tentoriorum
1137 3539 1595 3620 integendorum
1625 3535 1820 3619 gratia
1848 3549 2018 3598 erant
2057 3535 2443 3611 inaedificata,
2473 3537 2687 3598 milites

337 3628 623 3709 contegit.
709 3625 961 3708 Equites
985 3637 1204 3699 tamen,
1234 3636 1293 3683 et
1322 3622 1670 3683 auxiliarios
1694 3620 1919 3702 pedites
1942 3619 2002 3681 in
2033 3641 2239 3681 omnes
2264 3633 2461 3703 partes
2492 3620 2686 3695 mittit,
2723 3696 2731 3704 q

337 3731 746 3795 quascumque
768 3709 986 3794 petisse
1027 3708 1380 3770 dicebantur
1409 3707 1643 3768 hostes:
1688 3725 1798 3766 nec
1828 3703 2062 3765 frustra.
2148 3702 2311 3765 Nam
2335 3702 2771 3787 plerumque40

426 3916 475 3960 θ.
511 3911 664 3974 Quam
677 3913 925 3977 confugere
938 3912 990 3959 in
1006 3910 1179 3975 oppida
1191 3910 1420 3975 possent]-
1442 3910 1533 3957 Er·
1594 3908 1778 3971 educit-J
1811 3910 1938 3964 Quas
1955 3907 2193 3956 Cabilloni
2223 3917 2271 3979 et
2300 3905 2567 3953 Mul-fiscone
2587 3921 2697 3954 cum
2716 3909 2777 3961 Q.

423 3975 549 4023 Galli
571 3975 650 4035 qui
670 3989 746 4023 xx.
770 3975 1037 4035 Biturigum
1069 3976 1208 4022 urbes
1231 3975 1448 4021 incendio
1459 3975 1538 4019 de·
1594 3972 1749 4020 'fullio
1771 3973 2017 4027 Cicerone,
2053 3979 2101 4016 et
2133 3969 2300 4015 Pubno
2330 3967 2548 4026 Sulpitio,
2568 3976 2620 4014 ut
2640 3976 2772 4027 pate}

335 3990 567 4094 επακ,
584 4053 679 4084 non
708 4053 874 4084 omnes
896 4037 1219 4084 incenderant.
1285 4036 1528 4094 Siquidem
1591 4048 1652 4080 ex
1673 4036 1766 4081 fine
1787 4034 1865 4079 lib.
1886 4047 1973 4080 vu.
1988 4032 2317 4078 collocaverat.

337 4102 494 4147 adhuc
526 4109 806 4158 supererant
826 4099 922 4157 quo
958 4100 1299 4160 confugissent,
1329 4097 1418 4143 nisi
1456 4111 1527 4143 re·
1651 4096 1728 4142 36.
1769 4095 1991 4154 Genuam]
2025 4094 2290 4148 Genusum,
2337 4089 2546 4147 Ονίιαω,
2587 4091 2648 4164 ἀς
2680 4105 2775 4149 qno

334 4163 532 4220 pentina
548 4162 753 4208 Cusus-is
777 4161 965 4207 incursu
989 4161 1187 4207 fuissent
1204 4159 1468 4216 intercepti.
1591 4157 1707 4204 satis
1724 4157 1871 4203 multu
1885 4170 2043 4213 supra.
2107 4154 2371 4204 Carnutum
2387 4160 2505 4207 erut,
2516 4165 2611 4210 quo
2626 4167 2674 4199 nn
2692 4167 2776 4211 po·-

397 4225 475 4269 22.
508 4223 723 4272 Dueenos
761 4222 1017 4282 seda-tim]
1051 4222 1264 4281 Quinque
1312 4234 1527 4267 nummos
1591 4218 1720 4277 pulo,
1741 4219 1851 4277 quin
1881 4218 2036 4278 major
2066 4225 2187 4273 crat,
2222 4215 2317 4261 duo
2348 4222 2516 4272 postea
2535 4222 2643 4260 sunt
2661 4215 2777 4268 sacti

338 4295 563 4344 argentos
585 4297 759 4333 nocuo
783 4293 998 4332 monete.
1059 4283 1282 4337 Quamvis
1314 4290 1416 4328 tota
1446 4280 1528 4326 illa
1592 4279 1833 4338 Episcopi.
2239 4335 2250 4346 .

336 4347 460 4394 mio
474 4348 743 4394 nummaria
761 4345 1095 4392 obscurissima
1108 4354 1154 4390 et
1171 4343 1531 4402 impeditissima
1651 4342 1728 4389 37.
1759 4340 1909 4403 Atque
1922 4338 1977 4386 s'n
1992 4342 2107 4411 tectu
2123 4334 2598 4409 param-Gallorum]
2630 4338 2776 4397 Oppi-

335 4420 425 4464 σοι,
463 4407 569 4456 curn
601 4408 775 4455 multus
806 4409 867 4452 ob
890 4421 1101 4463 caussas,
1137 4417 1235 4454 tum
1258 4407 1320 4453 ob
1341 4417 1528 4452 errores
1592 4403 1703 4447 dum
1725 4403 1852 4450 euim
1874 4414 2115 4459 superlore
2151 4412 2279 4444 anno
2299 4398 2600 4444 incenderat:
2635 4409 2778 4459 atquo

335 4472 417 4530 qni
440 4471 488 4517 in
510 4483 815 4518 numerorum
832 4478 971 4514 notas
993 4468 1298 4525 irrepserunt.
1591 4463 1712 4510 adeo
1729 4479 1824 4510 non
1838 4471 1943 4509 erat
1959 4461 2036 4507 ubi
2053 4461 2405 4530 diversurentur
2419 4459 2603 4508 milites.

398 4532 468 4579 n».
500 4529 714 4581 ruminio
727 4529 1004 4589 nummaria]
1027 4529 1380 4588 Quinquaginta
1394 4544 1529 4575 nnm-
1652 4527 1729 4571 39.
1761 4522 2049 4571 miliario:
2094 4520 2302 4594 padua]
2332 4521 2443 4594 ‘Non
2495 4522 2777 4583 legionarios

334 4608 441 4642 nos
463 4605 639 4641 nostre
673 4599 886 4639 monete.
1592 4587 1780 4642 milltes,
1795 4586 1880 4632 sed
1894 4584 2058 4632 Gallos
2085 4597 2146 4630 ex
2168 4585 2432 4631 civitatibus
2456 4586 2653 4644 pomus.

381 4658 475 4714 ,²7.
509 4651 1530 4719 [agimnv.cev1.exloibmabarm
1654 4709 1748 4758 ΒΞ
