3059 5050
869 334 995 400 DE
1040 335 1347 401 BELLo
1389 333 1660 401 ALEX.
1697 316 2044 400 mBEm

2554 338 2678 403 825

189 500 534 562 curremnt,
566 499 842 568 receptos
867 483 930 546 in
961 485 1162 561 fidem,
1194 484 1644 549 conditionibus
1669 483 1964 567 impositis
1990 483 2327 567 provinciae
2351 483 2594 548 tuendae

190 595 275 635 ac
308 571 722 646 defendendae,
755 569 1004 633 dimittit
1030 582 1090 632 et
1119 571 1253 647 sibi,
1283 584 1343 632 et
1370 570 1600 654 populo
1630 568 1815 631 Rom.
1843 569 2258 631 amicissimos·

288 655 529 718 LXVI.
576 654 802 717 Paucis
832 656 1043 716 diebus
1073 655 1135 716 in
1166 655 1240 716 ea
1277 655 1596 739 provincia
1647 653 2036 737 consumptis,
2088 653 2233 715 Sex.
2281 652 2592 719 Caesarem

190 743 470 804 amicum
524 755 583 802 ct
637 740 1036 801 necessarium
1087 760 1259 801 suum
1313 739 1658 821 legionibus
1712 738 2037 820 Syriaeque
2087 739 2367 821 praeficit.

2454 739 2595 823 Ipse

188 827 418 889 eadem
450 825 660 901 classe,
692 825 813 907 qua
842 838 1104 901 venerat,
1180 823 1541 886 roficiscitur
1587 825 1651 886 in
1700 823 2010 886 Ciliciam.
2098 822 2294 906 Cujus
2346 827 2593 923 provin·
2637 830 2676 889 5

187 912 319 974 cia-2·
346 910 618 973 civitates
646 930 854 972 omnes
881 922 1097 971 evocat

1210 929 1451 971 arsum:
1519 910 1684 991 quod
1740 908 2030 993 oppidum
2082 908 2205 970 sere
2256 923 2435 971 totius
2486 909 2596 972 Ci-

192 996 367 1058 liciae
410 995 843 1058 nobilissimum
883 993 1389 1077 fortissimumque
1435 1006 1544 1057 est.
1633 993 1750 1072 Ibi,
1802 995 1978 1056 rebus
2023 995 2303 1057 omnibus
2349 996 2598 1077 provin-

193 1082 321 1143 ciae
352 1095 411 1143 et
455 1080 840 1143 finitimarum
885 1078 1198 1141 civitatum
1245 1080 1608 1157 constitutiS,
1657 1079 1990 1163 cupiditate
2043 1079 2465 1163 proficiscendi
2517 1082 2597 1143 ad

194 1167 427 1229 bellum
459 1165 786 1248 gerendum
816 1185 938 1226 non
971 1163 1196 1226 diutius
1222 1178 1536 1243 moratur3
1583 1165 1941 1246 magnisque
1960 1164 2269 1228 itineribus
2336 1186 2401 1227 er
2426 1164 2597 1249 Cap·

192 1251 521 1336 padociam
581 1249 872 1312 consectis
927 1249 1186 1312 biduum
1240 1247 1521 1312 Mazacae
1582 1264 2011 1327 commoratae,
2070 1250 2233 1312 venit

2351 1256 2682 1329 omana,10

193 1334 662 1399 vetustissimum
694 1349 773 1398 et·
785 1334 1230 1397 sanctissimum
1262 1334 1324 1396 in
1352 1333 1761 1420 Cappadocia
1783 1332 2064 1398 Bellonae
2088 1334 2400 1419 templum,
2431 1337 2598 1417 quad

190 1421 367 1484 tanta
388 1420 684 1502 religione
713 1419 954 1496 colitur,
1009 1432 1075 1482 ut
1126 1420 1409 1483 sacerdos
1456 1423 1585 1504 ejus
1635 1418 1792 1483 Deoe
1845 1421 2177 1502 majestate,
2232 1420 2488 1505 imperio
2538 1434 2600 1485 et

190 1507 469 1591 potentia
500 1505 801 1568 secundus
832 1505 870 1566 a
899 1526 1044 1586 rege
1074 1527 1370 1569 consensu
1402 1506 1599 1588 gentis
1630 1505 1789 1568 illius
1836 1506 2150 1568 habeatur.

2238 1503 2311 1568 Id
2367 1507 2596 1570 homini

186 1592 575 1655 nobilissimo
604 1588 933 1652 Nicomedi
963 1589 1261 1674 Bithynio
1304 1591 1718 1673 adjudicavit:
1764 1591 1867 1673 qui
1923 1592 2093 1673 regio
2147 1590 2596 1676 Cappadocum

188 1698 418 1757 genere
448 1689 637 1751 ortuS,
668 1689 916 1759 propter
959 1676 1275 1739 adversam
1306 1676 1612 1739 fortunam
1670 1677 1965 1757 majorum
2015 1698 2283 1754 suorum,
2316 1678 2680 1743 mutatio-15

190 1782 458 1843 nemque
488 1761 907 1843 generis,jure
936 1760 1188 1823 minime
1219 1761 1430 1838 dubio,
1458 1773 1755 1823 vetustate
1778 1773 1980 1823 tamen
2010 1760 2370 1838 intermisso,
2401 1783 2598 1825 sacer-

195 1847 439 1908 dotium
473 1845 534 1907 id
566 1846 893 1928 repetebat.

981 1843 1263 1907 Fratrem
1294 1860 1493 1908 autem
1539 1845 1973 1908 Ariobarzanis
2003 1845 2366 1923 Ariaratem,
2411 1868 2596 1928 quum

192 1931 359 1994 bene
394 1931 636 1992 meritus
667 1944 917 2012 uterque
944 1950 1154 1992 eorum
1185 1931 1263 1993 de
1308 1930 1541 2014 republ.
1573 1945 1743 2007 esset,
1790 1951 1865 1992 ne
1917 1943 2023 1991 aut
2050 1930 2225 2011 regni
2278 1931 2599 1994 haereditas

194 2016 551 2080 Ariaratem
584 2014 950 2092 sollicitaret,
981 2028 1088 2077 aut
1114 2014 1311 2078 haeres
1340 2016 1514 2098 regni
1561 2030 1826 2092 terreret,
1856 2015 2260 2077 Ariobarzani
2304 2017 2595 2095 attribuit,

197 2101 308 2184 qui
341 2103 454 2163 sub
482 2101 609 2182 ejus
638 2100 896 2184 imperio
914 2122 987 2162 ac
1012 2099 1241 2164 ditione
1259 2116 1413 2163 esset
1434 2122 1449 2163 :
1494 2101 1624 2186 ipse
1642 2101 1756 2164 iter
1777 2114 2047 2185 coeptum
2073 2100 2253 2165 simili
2277 2101 2682 2165 velocitatem)

195 2187 502 2249 conficere
532 2208 627 2248 coe
671 2185 736 2247 it.

285 2269 558 2333 LXVII.

674 2292 814 2333 uum
868 2271 1123 2357 propius
1163 2269 1433 2335 Pontum
1463 2270 1733 2355 finesque
1765 2269 2191 2354 Gallograecia
2233 2273 2596 2350 accessisset,

190 2356 528 2420 Deiotarus
558 2357 886 2419 tetrarches
918 2356 1356 2440 Gallograeciae
1402 2371 1545 2421 tunc
1595 2358 1838 2441 quidem
1887 2358 2068 2442 paene
2116 2358 2316 2436 totiuS‚
2345 2359 2512 2441 quod
2542 2359 2597 2420 ei

195 2465 394 2526 neque
445 2443 703 2526 legibuS,
748 2464 943 2527 neque
974 2443 1244 2507 moribus
1296 2464 1653 2506 concessum
1702 2466 1830 2507 esse
1858 2445 2067 2508 caeteri
2097 2445 2417 2508 tetrarchoe
2447 2465 2596 2506 con—

197 2531 548 2606 tendebant,
597 2529 726 2592 sine
773 2529 963 2592 dubio
1016 2542 1215 2593 autem
1272 2551 1378 2593 rex
1429 2530 1741 2594 Armeniae
1793 2531 2046 2594 minoris
2098 2532 2178 2593 ab
2231 2546 2439 2594 senatu
2488 2534 2679 2615 ap·25

198 2615 479 2699 peilatus,
532 2614 817 2699 depositis
875 2615 1062 2697 regiis
1114 2615 1474 2698 insignibus,
1528 2637 1724 2699 neque
1777 2617 2010 2680 tantum
2069 2616 2309 2701 privato
2362 2617 2597 2694 vestitu,

199 2701 307 2762 sed
359 2702 539 2763 etiam
594 2721 831 2763 reorum
882 2701 1116 2777 habitu,
1176 2701 1432 2785 supplex
1488 2702 1568 2764 ad
1623 2700 1935 2764 Caesarem
1991 2702 2155 2765 venit
2212 2716 2471 2780 oratum,
2531 2715 2598 2764 ut

195 2786 314 2849 sibi
362 2786 720 2869 ignosceret,
752 2785 916 2869 quod
946 2787 1010 2849 in
1039 2786 1115 2849 ea
1166 2798 1336 2871 parte
1384 2786 1615 2871 positus
1667 2801 1984 2865 terrarum,
2039 2807 2179 2871 quae
2222 2787 2391 2850 nulla
2433 2809 2595 2873 prae-

194 2954 353 2986 nores.
389 2940 497 2998 lpse
510 2941 687 2987 AEneas
702 2940 831 2998 apud
846 2939 981 3001 Virg.
996 2941 1403 2989 vn.266.AEneid.

194 3003 223 3051 a
247 3002 422 3049 Latino
437 3018 550 3064 rege
571 3018 632 3051 eo
652 3003 845 3050 nomine
867 3002 1167 3061 appellatur:

260 3128 384 3175 Pars
400 3126 517 3174 mihi
524 3125 654 3190 pacis
668 3126 755 3174 erit
763 3125 1182 3189 dextramtdigisse
1195 3126 1401 3190 tyranni.

198 3254 295 3300 Sed
319 3253 432 3313 quia
455 3253 588 3312 parvi
608 3252 671 3298 illi
688 3267 825 3314 reges
840 3252 951 3299 vict
966 3251 1172 3300 coedibus
1189 3268 1277 3300 sua
1294 3267 1401 3314 reg-

194 3332 261 3364 na
282 3317 664 3373 funestaverunt,
684 3315 904 3372 obtinuit,
935 3324 988 3362 ut
1018 3316 1098 3374 qui
1121 3315 1296 3379 injuste
1315 3318 1400 3363 do-

195 3381 408 3426 minatur
430 3394 534 3435 rex,
557 3388 789 3439 tyrannus
812 3379 1013 3425 dicatur.

260 3443 326 3488 lb.
362 3441 599 3502 Dynastas
622 3440 910 3503 pruvinum]
938 3441 1401 3504 Dedynastissupra

200 3505 391 3551 dictum.
752 3513 761 3518 “

268 3569 335 3613 lt).
366 3567 610 3628 Mazaca]
649 3566 856 3613 Mazaca
881 3566 1204 3625 Cappadociae
1224 3574 1400 3614 metro·

201 3630 337 3689 polis,
352 3628 527 3676 Postea
537 3630 764 3676 Coesarea
780 3630 929 3685 dicta,
944 3631 1031 3675 sub
1051 3630 1208 3692 Argeo
1223 3638 1398 3677 monte.

264 3692 328 3737 lb.
369 3691 614 3752 Comana]
644 3691 761 3738 Duae
778 3691 1255 3739 commemorantur-a
1270 3692 1402 3740 Stra-

188 3758 322 3800 ·bone
343 3756 484 3800 urbes
505 3756 675 3801 eodem
701 3755 912 3808 nomine,
929 3755 1085 3802 eidem
1102 3755 1218 3802 Deo
1234 3769 1403 3814 sacrat,

198 3819 348 3864 altera
372 3818 420 3863 in
444 3817 616 3875 Ponto,
634 3817 791 3865 altera
806 3819 854 3866 iu
874 3817 1205 3878 cappadocia,
1225 3818 1287 3864 de
1307 3817 1405 3878 qui

198 3877 438 3940 postrema
460 3879 537 3926 hic
560 3896 588 3928 a
626 3879 734 3925 'tur.

263 3944 281 3988 l
295 3943 332 3988 l.
370 3942 590 3990 Bellonae.
630 3941 830 3990 Bellona
845 3943 956 3991 belli
970 3942 1096 4003 Dea,
1110 3956 1217 4003 qno
1231 3944 1400 3992 Groce

199 4005 312 4053 Ἐιυό
332 4005 520 4050 dicitur.

262 4069 333 4113 12.
374 4067 429 4113 Ul
446 4065 654 4114 sacerdos
669 4067 775 4132 ejus
791 4067 943 4129 Dea]
970 4067 1148 4115 Strabo
1166 4076 1403 4116 morat

200 4132 279 4176 sua
302 4139 443 4177 retate
478 4128 733 4189 plusquam
771 4145 857 4177 sex
893 4130 1022 4178 mille
1043 4145 1207 4179 servos
1236 4144 1402 4179 samm

199 4193 421 4247 Bellone,
446 4193 573 4253 regis
594 4193 788 4251 quidem
823 4192 1147 4253 Cappadocia
1168 4194 1403 4250 subditos,

200 4255 317 4302 illius
339 4256 604 4303 sacerdotis
638 4254 839 4314 imperio
870 4257 1105 4315 paruisse.
1165 4257 1306 4311 Quod
1327 4270 1402 4302 sa·

198 4318 454 4366 ccrdotium
473 4317 669 4365 abstulit
677 4318 845 4365 Caesar
862 4318 1100 4366 Archelao
1113 4320 1176 4365 ob
1191 4318 1403 4365 studium

106 4431 113 4436 ,
200 4380 597 4440 Pompeianarum
634 4380 862 4440 partium,
897 4380 1035 4441 cujus
1073 4379 1215 4429 studii
1254 4380 1321 4427 illi
1353 4389 1404 4428 et

200 4443 448 4490 Deiotarus
491 4451 540 4490 et
575 4443 935 4491 Ariobarzanes
968 4442 1058 4490 soli
1096 4457 1266 4503 penas
1301 4442 1400 4491 lue·

198 4514 331 4617 miti.
365 4564 1397 4631 Fmtremauaemariobarmimrtamaem]

200 4630 353 4691 Hujus
377 4630 592 4677 meminit
623 4630 816 4685 Cicero,
833 4628 914 4676 lib.
935 4630 1074 4689 epist.
1100 4646 1173 4679 xv.
1189 4629 1400 4689 dicitque

199 4693 327 4739 illum
350 4692 623 4739 Ariaratem
645 4693 791 4740 fuisse
811 4691 842 4740 a
861 4693 1149 4751 quibusdam
1172 4693 1399 4739 sollicita-

195 4762 293 4801 tum
315 4761 368 4802 ut
389 4769 595 4817 regnare
617 4755 775 4805 vellet.
836 4755 975 4808 Quod
1000 4770 1063 4803 ne
1094 4756 1249 4813 fleret,
1271 4756 1399 4805 vide·

1466 2949 1548 2988 tm·
1590 2941 1756 2989 Caesar
1801 2942 2058 2990 autoritate
2095 2940 2182 2989 suit
2220 2943 2537 2992 Ariobarzani
2574 2945 2677 3007 regi

1467 3006 1668 3052 fratrem
1697 3005 1970 3052 Ariaratem
1989 3005 2263 3065 subjecisse.

1528 3068 1607 3113 22.
1648 3066 2003 3129 Gallograe-im]
2040 3067 2231 3124 Strabo,
2268 3067 2351 3113 lib.
2385 3081 2472 3115 ιιι.
2511 3071 2675 3118 scribit

1465 3127 1553 3176 sua
1596 3138 1879 3188 tempestate
1922 3138 2021 3176 tres
2066 3130 2217 3176 fuisse
2459 3131 2678 3189 Galatia,

1465 3191 1641 3238 deinde
1678 3192 1816 3246 daos,
1853 3191 2027 3238 deinde
2065 3206 2211 3239 unum
2256 3190 2556 3250 Deiotarum,
2600 3196 2677 3242 cui

1465 3255 1748 3302 successerit
1787 3257 2043 3315 Amyntas,
2076 3262 2186 3313 post
2222 3268 2380 3313 quem,
2416 3255 2676 3319 Gallogra-

1469 3318 1597 3363 ciam
1640 3318 1688 3364 in
1734 3318 2031 3375 provinciam
2075 3318 2223 3364 fuisse
2266 3318 2524 3366 redactam.
2601 3320 2678 3367 mi

1466 3393 1611 3439 porro
1633 3380 1918 3442 Gallogroei
1940 3379 1970 3428 a
1991 3379 2142 3427 Gallis
2164 3380 2371 3436 oritmdi,
2393 3381 2573 3429 habent
2612 3385 2675 3430 ad

1463 3443 1715 3501 orientem,
1725 3443 2106 3503 Cappadociam,
2117 3443 2502 3502 adoccidentem,
2511 3444 2619 3492 Bith
2619 3462 2675 3507 y·

1464 3504 1615 3563 niam,
1637 3507 1701 3553 ad
1723 3506 1989 3564 meridiem,
2013 3506 2369 3567 Pamphyliam,
2395 3507 2458 3553 ad
2482 3518 2672 3567 septen·

1464 3569 1687 3624 trionem,
1711 3568 1915 3615 Pontum
1941 3568 2199 3616 Euxinum.
2220 3569 2277 3615 T.
2296 3569 2456 3617 Livius
2473 3571 2534 3616 de
2558 3571 2671 3618 illis:

1474 3630 1762 3692 Gauogmn·
1796 3630 2097 3679 bellicosiores
2132 3631 2188 3678 ed
2225 3635 2486 3693 tempestate
2524 3639 2673 3690 σταται,

1474 3693 1678 3741 Gallicos
1684 3694 1851 3750 adlatis,
1865 3694 2068 3741 noudum
2084 3693 2262 3742 meleta
2277 3695 2432 3755 seir-12⁶,
2442 3700 2675 3744 servantes

1464 3755 1660 3804 mnenon.
1726 3756 1913 3803 Horum
1947 3756 1994 3802 in
2029 3757 2192 3803 Asiam
2224 3755 2671 3816 commigrationem

1465 3818 1574 3880 lege
1596 3820 1724 3877 apud
1748 3819 1804 3865 T.
1839 3819 2041 3875 Livium,
2075 3819 2157 3865 lib.
2197 3832 2339 3867 xvm.
2377 3819 2458 3876 qui
2495 3819 2672 3866 bellum

1464 3881 1834 3930 Macedonicum
1857 3891 1906 3928 et
1930 3881 2193 3928 Asiaticum
2215 3880 2443 3927 continet.

1524 3945 1605 3992 25.
1641 3943 1741 3991 Rex
1761 3942 2031 4004 Armenia]
2053 3943 2278 3990 Armenia
2292 3943 2435 3989 habet
2451 3944 2513 3990 ad
2531 3945 2670 3991 meri·

1463 4007 1610 4062 diem,
1631 4006 1843 4053 Taurum
1866 4015 2207 4063 montem,quo
2239 4006 2601 4054 disterminatur
2642 4007 2672 4056 a

1467 4067 1836 4128 Mesopotamia,
1857 4070 1921 4116 ad
1941 4069 2192 4123 orientem,
2225 4068 2459 4125 Mediam,
2480 4069 2541 4114 ad
2565 4083 2670 4128 sep·

1464 4132 1774 4189 tenti-ionem,
1800 4131 1963 4179 lberas
1989 4132 2313 4188 Albanosque,
2349 4133 2413 4178 ad
2450 4132 2670 4178 occiden-

1465 4203 1583 4251 tem,
1600 4194 1977 4253 Cappadociam.
2033 4193 2346 4240 Dividebatur
2363 4194 2410 4239 in
2435 4192 2670 4255 majorem

1465 4265 1515 4304 et
1528 4257 1779 4304 minorem.
1822 4256 2044 4312 Minoris,
2061 4258 2122 4302 de
2138 4255 2233 4314 qua
2248 4256 2325 4302 hic
2342 4255 2517 4315 agitur,
2529 4258 2669 4304 urbes

1465 4328 1608 4367 erant
1623 4320 1861 4377 primarioe
1874 4319 2123 4377 Nicopolis
2140 4326 2189 4364 et
2207 4318 2421 4364 Sebaste.
2465 4318 2670 4380 Major-is

1465 4381 1581 4429 verb
1599 4382 1851 4430 Artaxata.
1913 4380 2261 4429 Posterioribus
2275 4381 2566 4438 temporibus
2582 4382 2669 4429 mi·

1463 4458 1557 4491 nor
1578 4445 1708 4492 dicta
1728 4453 1802 4492 est
1837 4444 2011 4504 prima,
2043 4442 2201 4503 major
2234 4441 2345 4488 verb
2367 4445 2594 4502 secunda,
2618 4453 2670 4491 ut

1462 4515 1598 4565 patet
1618 4522 1680 4553 ex
1701 4506 1824 4554 libro
1857 4506 2148 4554 notitiarum.
2216 4503 2480 4564 Appianas,
2506 4506 2588 4554 lib.
2612 4522 2669 4554 n.

1463 4570 1573 4616 bell.
1594 4569 1719 4617 civil.
1772 4569 2181 4628 Ciseuphratenos
2212 4568 2422 4625 appellat
2451 4578 2494 4615 et
2514 4570 2667 4617 Tran-

1461 4633 1824 4691 seuphratenos,
1840 4631 1955 4690 quia
1973 4630 2243 4687 Euphrates
2265 4629 2436 4677 fluvius
2452 4631 2668 4680 Armeni·

1464 4710 1546 4744 am
1569 4695 1840 4744 intersecat.
1905 4693 2094 4741 Nomen
2115 4692 2258 4741 hodie
2278 4694 2472 4742 retinet.

2547 4787 2678 4850 ἀπ’
