3059 5050
1227 277 1508 345 LIBER
1548 280 1601 345 1.
2514 290 2635 351 2⁰7

189 426 490 506 virtutem,
514 448 593 491 ex
617 427 1000 491 inferioribus
1025 427 1337 491 ordinibus
1367 430 1429 491 in
1457 450 1595 499 eam
1636 427 1837 490 locum
1867 442 2242 511 pervenerat.
2328 428 2565 495 Vulne-

187 528 398 579 rantur
427 512 685 596 amplius
715 533 823 575 nc·
921 511 1022 575 Ex
1059 513 1404 576 Afranianis
1434 514 1868 577 interficiuntur
1893 512 1973 574 T.
2009 513 2319 592 Caecilius,
2351 517 2558 600 primi-

187 599 296 683 pili
322 599 613 674 centurie,
638 611 716 674 et,
742 611 964 682 praeter
987 619 1145 673 eum,
1171 601 1548 661 centuriones
1573 619 1658 660 ιν.
1686 598 1901 659 milites
1926 599 2185 682 amplius
2211 620 2312 661 co.
2358 636 2365 645 ·

270 680 545 746 XLVII.
573 681 696 745 Sed
725 683 858 745 hoec
887 683 1014 764 ejus
1042 683 1159 744 diei
1189 682 1508 765 praesertur
1530 684 1760 765 opinio,
1786 696 1854 745 ut
1875 704 1938 745 se
1960 684 2196 765 utrique
2225 685 2558 768 superiores

186 768 531 831 discessisse
558 767 1005 830 existimarent:
1049 766 1386 843 Afraniani,
1417 766 1603 849 quod,
1634 788 1820 850 quum
1849 788 1977 830 esse
2019 769 2286 830 omnium
2316 770 2557 851 judicio
2600 776 2638 833 5

185 853 502 916 inferiores
527 853 888 928 viderentur,
918 852 1188 913 cominus
1212 865 1411 914 tamen
1442 852 1549 915 diu
1578 852 1892 929 stetissent,
1917 867 1976 915 et
2006 867 2346 915 nostrorum
2371 854 2561 938 impe-

187 953 318 1000 tum
358 937 788 1013 sustinuissent,
819 951 878 999 et
904 936 1075 998 initio
1113 936 1314 998 locum
1344 937 1760 1019 tumulumque
1790 939 2131 1015 tenuissent,
2162 958 2302 1019 quae
2344 960 2560 1002 caussa

188 1022 512 1106 pugnandi
539 1020 770 1084 fuerat:
813 1034 871 1082 et
894 1035 1126 1083 nostros
1150 1020 1347 1103 primo
1377 1043 1709 1102 congressu
1733 1038 1908 1104 terga
1929 1035 2160 1084 vertere
2188 1023 2559 1105 coegissent:

185 1107 380 1170 nostri
413 1119 630 1183 autem,
656 1105 815 1187 quod
839 1105 1048 1187 iniquo
1079 1105 1237 1182 loco,
1269 1121 1451 1188 atque
1480 1108 1701 1191 impari
1728 1109 2038 1189 congressi
2068 1127 2338 1193 numero,
2365 1130 2422 1170 v.
2448 1109 2559 1170 bo·
2598 1182 2607 1191 ,

186 1191 273 1253 ris
303 1190 579 1274 proelium
622 1190 1050 1267 sustinuissent,
1099 1189 1266 1272 quod
1313 1205 1578 1254 montem
1618 1192 1838 1273 gladiis
1885 1192 2167 1255 districtis
2215 1193 2644 1255 adscendis·10

181 1292 338 1353 sent,
388 1273 550 1358 quod
596 1296 675 1337 ex
728 1271 866 1336 locs
914 1276 1223 1359 superiore
1277 1290 1366 1338 ter
1497 1292 1727 1339 vertere
1773 1278 2151 1340 adversarios
2197 1278 2557 1359 coegissent,

183 1375 367 1443 atque
408 1361 468 1421 in
512 1360 806 1444 oppidum
835 1359 1286 1442 compulissent.
1407 1360 1470 1423 lli
1512 1383 1650 1423 eum
1680 1361 1997 1440 tumulum,
2029 1383 2143 1446 pro
2172 1383 2295 1444 quo
2323 1383 2559 1446 pugna-

181 1459 312 1508 tum
344 1459 449 1521 est,
471 1446 711 1527 magnis
741 1445 1028 1527 operibus
1057 1446 1438 1524 munierunt3
1481 1447 1952 1530 praesidiumque
1975 1447 2059 1510 ibi
2084 1461 2431 1531 posuerunt.

269 1528 577 1597 XLVIII.
625 1529 870 1593 Accidit
903 1529 1097 1593 'etiam
1143 1530 1518 1615 repentinum
1550 1531 2002 1595 incommodum
2033 1533 2242 1610 biduo,
2274 1554 2395 1614 quo
2420 1533 2558 1594 haec

176 1630 358 1697 gesta
387 1628 542 1677 sunt.
630 1613 841 1677 Tanta
876 1614 1036 1676 enim
1081 1627 1403 1699 tempestas
1449 1617 1734 1694 coiirimr,
1788 1630 1855 1679 ut
1895 1638 2205 1699 nunquam
2251 1616 2366 1679 illis
2411 1617 2640 1680 locisl5

177 1702 447 1784 majores
492 1721 682 1781 aquas
724 1698 905 1760 fuisse
934 1713 1256 1762 constaret.
1342 1699 1509 1762 Tum
1556 1716 1755 1764 autem
1800 1723 1881 1764 ex
1926 1702 2206 1764 omnibus
2257 1703 2562 1764 montibus

177 1786 358 1848 nives
431 1783 632 1859 roluit,
664 1805 736 1845 ac
768 1804 1034 1844 summas
1079 1784 1241 1866 ripas
1290 1784 1556 1847 fluminis
1585 1788 1926 1867 superavit3
1970 1799 2300 1869 pontesque
2328 1789 2561 1862 ambos,

177 1891 344 1953 quos
432 1914 448 1930 .
479 1867 712 1930 Fabius
735 1866 978 1943 fecerat,
1010 1888 1135 1928 uno
1165 1868 1262 1930 die
1291 1869 1629 1952 interrupit.
1715 1868 1878 1951 Quae
1910 1891 2002 1931 res
2026 1890 2282 1950 magnas
2309 1869 2565 1932 difficul-

179 1968 343 2017 tates
372 1952 662 2015 exercitui
693 1951 963 2014 Caesaris
991 1951 1208 2014 attulit.
1298 1951 1521 2015 Castra
1574 1954 1753 2032 enim,
1786 1968 1852 2016 ut
1879 1955 2063 2038 supra
2090 1956 2563 2016 demonstratum

175 2053 298 2115 est,
330 2059 514 2120 quum
546 2050 740 2100 essent
764 2037 916 2099 inter
939 2037 1190 2098 flumina
1214 2037 1357 2113 duo,
1384 2037 1668 2115 Sicorim,
1699 2053 1759 2100 et
1777 2037 2069 2121 Cingam,
2089 2039 2286 2122 spatio
2312 2038 2651 2101 milliarum

179 2145 334 2186 xxx.
366 2136 642 2185 neutrum
673 2122 890 2185 borum
922 2121 1160 2184 transiri
1210 2137 1469 2205 poterat,
1495 2124 1954 2205 necessarioque
1984 2144 2192 2187 omnes
2222 2124 2313 2186 his
2344 2145 2567 2205 angus·-

178 2209 284 2271 tiis
331 2207 815 2270 continebantur.
904 2204 1121 2288 Neque
1150 2207 1442 2284 civitates,
1474 2229 1616 2289 quae
1653 2209 1732 2270 ad
1763 2207 2033 2271 Caesaris
2080 2208 2409 2271 amicitiam
2434 2250 2438 2257 -
2461 2229 2564 2271 ac-

172 2306 506 2368 cesserant,
551 2291 915 2354 srumentum
964 2305 1359 2390 supportare3
1421 2315 1617 2374 neque
1663 2294 1727 2371 ii,
1770 2294 1874 2376 qui
1920 2293 2274 2376 pabulatum
2322 2293 2566 2375 longius

177 2378 490 2462 progressi
520 2390 709 2453 erant,
739 2376 1050 2438 interclusi
1080 2377 1445 2454 fluminibus,
1480 2378 1734 2456 reverti3
1786 2400 1981 2461 neque
2028 2378 2280 2441 maximi
2310 2378 2566 2441 comita-

175 2478 304 2542 tus,
336 2464 439 2546 qui
468 2483 546 2525 ex
576 2461 757 2525 Italia
795 2460 1116 2544 Galliaque
1164 2463 1506 2541 veniebant,
1556 2464 1619 2526 in
1666 2478 1865 2527 castra
1911 2463 2223 2548 pervenire
2268 2467 2648 2564 poterant&

176 2547 466 2633 Tempus
497 2562 694 2610 autem
724 2561 854 2609 erat
884 2548 1027 2610 anni
1059 2548 1499 2626 difficillimum,
1554 2571 1676 2631 quo
1706 2570 1901 2631 neque
1926 2549 2231 2612 frumenta
2272 2571 2332 2613 m
2364 2549 2565 2612 herbis

173 2646 382 2710 erant,
431 2654 622 2714 neque
667 2632 923 2710 ,multum
968 2632 1006 2694 a
1047 2633 1391 2695 maturitate
1438 2637 1719 2696 aberant:
1776 2657 1850 2696 ac
1898 2635 2170 2697 civitates
2216 2635 2565 2713 exinanitae‚

173 2718 355 2801 qnod
384 2716 670 2780 Afranius
699 2718 857 2800 pene
889 2738 1068 2782 omne
1099 2717 1480 2796 frumentum,
1524 2734 1663 2781 ante
1707 2719 1977 2782 Caesaris
2022 2719 2369 2797 adventum,
2416 2719 2567 2782 Iler-

173 2804 332 2866 dam
362 2816 770 2881 convexerat:
816 2802 1030 2884 reliqui
1078 2803 1127 2864 si
1177 2803 1323 2885 quid
1372 2803 1585 2880 suerat,
1634 2803 1852 2867 Caesar
1900 2805 2305 2887 superioribus
2353 2805 2566 2867 diebus

171 2904 671 2971 consumpserat:
715 2909 957 2969 pecora,
990 2887 1153 2969 qued
1179 2889 1506 2951 secundum
1540 2904 1777 2973 poterat
1805 2911 1931 2951 esse
1955 2889 2181 2973 inopiae
2210 2889 2651 2967 subsidium,80

221 2987 436 3056 ropter
459 2973 684 3035 bellum
717 2972 990 3034 finitimae
1020 2973 1292 3035 civitates
1320 2973 1565 3056 longius
1595 2987 2003 3038 removerant:
2046 2974 2150 3054 qui
2180 2988 2352 3034 erant
2372 2975 2567 3055 pabu-

169 2995 358 3120 lzmdi
390 3072 495 3121 aut
522 3057 925 3120 flumentandi
956 3057 1170 3120 caussa
1216 3060 1541 3141 progressi,
1572 3061 1682 3120 hos
1730 3058 1876 3120 levis
1912 3070 2235 3119 armaturae
2266 3055 2565 3134 Lusitani,

169 3143 488 3229 peritique
527 3162 733 3204 earum
766 3142 1079 3223 regionum
1111 3143 1321 3205 cetrati
1349 3145 1644 3206 citerioris
1686 3142 2007 3226 Hispaniae
2038 3142 2567 3220 consectabantur-3

171 3227 410 3311 quibus
440 3240 573 3289 erat
607 3226 877 3311 proclive
906 3241 1217 3289 transnare
1264 3228 1507 3305 flumen,
1548 3229 1713 3311 quod
1761 3226 2135 3290 consuetudo
2181 3246 2389 3288 eorum
2436 3247 2569 3288 om-

171 3313 355 3375 nium
383 3326 491 3390 est,
518 3325 585 3374 ut
608 3311 735 3373 sine
765 3312 996 3374 utribus
1028 3313 1106 3375 ad
1137 3313 1464 3375 exercitum
1498 3336 1621 3376 non
1652 3330 1810 3375 eant.
2571 3315 2650 3374 35

265 3395 515 3461 XLIX.
541 3397 629 3458 At
655 3397 955 3459 exercitus
978 3396 1215 3459 Afranii
1248 3399 1516 3460 omnium
1548 3420 1744 3461 rerum
1773 3398 2124 3460 abundabat
2155 3397 2350 3482 copis.
2404 3396 2570 3461 Mul-

173 3498 318 3546 tum
348 3495 479 3545 erat
526 3480 888 3545 frumentum
919 3482 1227 3565 provisum
1258 3496 1318 3544 et
1346 3497 1701 3546 convectum
1735 3483 2141 3567 superioribus
2170 3484 2567 3567 temporibus:

173 3565 444 3630 multum
471 3590 551 3630 ex
582 3567 751 3630 omni
793 3567 1112 3650 provincia
1138 3570 1671 3650 comportabatur:
1718 3590 1945 3650 magna
1973 3569 2154 3652 copia
2192 3568 2399 3653 pabuli
2429 3591 2570 3652 sup-

267 3654 454 3715 tebat.
538 3650 778 3716 Harum
828 3673 1030 3715 rerum
1072 3653 1341 3715 omnium
1391 3653 1705 3716 facultates
1753 3653 1879 3716 sine
1928 3653 2053 3716 ullo
2101 3653 2370 3737 periculo
2417 3674 2570 3736 pons

171 3675 417 3802 ffirdae
445 3739 776 3821 praebebat,
823 3752 885 3800 et
929 3738 1068 3801 loca
1114 3752 1280 3801 trans
1329 3737 1551 3801 flumen
1599 3739 1856 3821 integra,
1904 3738 2026 3821 qun
2075 3739 2324 3801 omnino
2354 3737 2655 3800 Caesar40

174 3823 364 3891 adire
394 3844 516 3885 non
544 3835 801 3906 poterat.
2174 3823 2193 3842 ⁹

269 3906 353 3970 L.
403 3906 522 3971 Eae
568 3922 1027 3991 permanserunt
1055 3930 1233 3991 aquae
1263 3908 1390 3972 dies
1436 3908 1799 3992 complures·
1887 3907 2165 3971 Conatus
2214 3922 2306 3971 est
2356 3906 2575 3970 Caesar

172 3993 440 4057 reficere
485 4007 719 4078 pontes.
807 3992 934 4056 Sed
963 4014 1074 4057 nec
1122 3992 1483 4076 magnitudo
1513 3994 1778 4056 fluminis
1806 3994 2227 4077 permittebat3
2272 4013 2466 4076 neque
2495 3993 2583 4054 ad
2671 4029 2677 4038 -

171 4129 580 4191 principeffifii,
601 4139 684 4176 aut
706 4129 817 4176 viris
840 4131 1065 4189 proximi,
1099 4131 1252 4177 triarii
1285 4145 1399 4176 vero
1522 4130 1601 4176 85.
1651 4129 1709 4176 Ut
1742 4129 1840 4177 sins
1870 4129 2067 4186 :dnm
2104 4128 2212 4190 δια]
2277 4129 2507 4182 Quamvis
2536 4136 2671 4176 esset:

173 4193 403 4255 grandes
436 4201 487 4239 et
520 4192 713 4248 mann-i,
749 4193 919 4252 quibus
961 4194 1112 4240 tribus
1154 4193 1399 4240 ordinibus
1459 4205 1601 4250 pons,
1619 4191 1887 4239 idtamena
1908 4193 2103 4238 Cosare
2117 4191 2667 4248 commemoratur-,ouh

171 4256 486 4305 constabant
517 4254 716 4314 singule
746 4257 985 4302 cobortes.
1459 4264 1601 4300 erant
1638 4255 1730 4301 hoc
1766 4256 1909 4301 modo
1941 4253 2087 4315 longe
2122 4254 2186 4300 ad
2219 4254 2481 4311 sequendos
2503 4252 2664 4300 hostes

249 4319 333 4364 15.
363 4317 660 4380 Tempsin]
715 4317 932 4374 Liquatis
956 4316 1055 4362 sole
1078 4317 1278 4363 nivibus.
1461 4315 1554 4375 ipsi
1577 4318 1861 4375 paratiores,
1882 4331 1979 4362 non
2000 4316 2200 4375 quiesito
2221 4327 2368 4373 ponte
2391 4329 2475 4372 per
2495 4314 2661 4364 circui-

250 4381 334 4426 19.
362 4379 526 4427 Cam
547 4378 690 4434 cuiun,
711 4384 763 4426 ut
783 4393 926 4441 supra
941 4378 1299 4426 annumeratum
1321 4383 1400 4434 ed,
1463 4386 1580 4424 uun.
1645 4379 1784 4425 Utres
1806 4393 1950 4436 porro
1972 4377 2040 4423 illi
2063 4376 2215 4423 inflati
2247 4377 2545 4430 sustinebant
2578 4393 2663 4427 na·

172 4440 855 4508 memmium-flumina
869 4440 1265 4496 dumst’corivmd
1287 4441 1401 4489 Cin-
1463 4441 1668 4487 tantiam
1703 4455 1924 4498 corpora.
1990 4439 2149 4485 Livius
2184 4438 2354 4485 decad.
2387 4454 2446 4488 ιιι
2483 4439 2563 4487 lib.
2588 4454 2666 4489 m.

170 4504 349 4615 {horr-n]
376 4504 474 4578 Aut
493 4502 659 4578 Casan:
681 4517 778 4549 non
803 4502 1088 4574 meminerit,
1109 4512 1192 4549 ant
1213 4518 1273 4579 ea
1287 4517 1402 4562 paru
1466 4502 1672 4574 Hispan-i
1709 4500 1807 4574 sine
1846 4501 1955 4572 uud-
1980 4501 2113 4547 πιστά
2148 4499 2218 4574 ist·
2236 4504 2361 4548 utres
2396 4503 2679 4552 aestimem

253 4581 298 4613 n
325 4567 462 4612 nobis
486 4573 713 4624 ρεηοηι;
768 4565 938 4624 cinga
969 4578 1097 4610 emm
1119 4564 1246 4611 fluvn
1270 4566 1403 4613 nulla
1463 4569 1692 4626 conjectu,
1713 4577 1802 4624 epe·
1819 4568 1978 4610 edens
1993 4577 2049 4610 su
2112 4566 2237 4609 ostiu
2256 4564 2671 4628 incumbentesfiu-

175 4630 429 4677 hactenus
451 4629 584 4674 sacta
605 4635 680 4674 est
701 4627 897 4681 memte,
918 4626 998 4685 qui
1036 4626 1086 4672 in
1122 4626 1308 4673 Iberum
1334 4629 1402 4674 in·
1464 4641 1575 4675 nien
1621 4630 1976 4673 tramnatmere.
2077 4633 2189 4682 tem,
2242 4625 2473 4693 Hispanos
2510 4623 2671 4690 injmti

175 4691 319 4750 luit,
341 4690 518 4739 dicitur
545 4689 718 4754 Cinga,
742 4688 936 4747 Sicoris,
952 4687 1001 4736 ta
1025 4689 1181 4751 Sem.
1464 4687 1799 4738 transmarine
1821 4692 1953 4736 utres.
2082 4707 2087 4714 -

2098 4801 2181 4819 uu..
2210 4799 2290 4819 00⁸ss-
2328 4793 2371 4813 ·‘'··
