3059 5050
1078 183 1670 256 FRAGMENTA.
2503 200 2627 266 411

260 338 341 405 C.
385 336 603 403 caesar
625 335 729 416 ait,
759 335 786 401 1
812 336 1009 401 littera
1056 339 1433 402 nominativo
1478 337 1775 422 singulari
1823 350 2034 402 neutra
2079 338 2253 404 finita
2300 342 2554 407 nomina

175 428 429 490 eandem
483 424 895 486 definitionem
943 428 977 485 c
1097 446 1181 500 re,
1235 446 1416 506 quam
1447 444 1521 487 ca
1567 426 1696 486 iant
1722 444 1753 486 e
1782 424 1979 487 littera
2009 427 2370 490 terminata:
2413 427 2552 491 huic

172 508 444 658 ZpbimaIi,
476 519 531 571 et
561 508 635 571 ab
664 509 775 572 hoc
803 509 964 570 anim
1030 509 1097 571 i:
1142 508 1280 571 huic
1324 446 1584 594 pimenii,
1615 518 1671 572 et
1710 508 1785 571 ab
1831 509 2210 595 hocputeali.
2306 511 2549 578 Charis.

263 642 279 658 .
312 616 360 658 1.

252 678 564 766 aplustre.
610 677 902 740 Omnium
933 678 1248 741 nominum
1296 699 1437 761 quae
1467 692 1608 742 sunt
1645 679 1840 741 neutri
1895 679 2132 761 generis
2177 694 2238 744 et
2264 682 2328 745 in
2373 702 2404 744 e
2431 696 2550 745 ter·
2592 688 2632 750 5

169 765 500 841 minantur,
532 762 617 826 ait
640 762 896 840 Plinius,
929 762 1243 827 Caesarem
1281 777 1308 808 ⁸
1340 762 1520 825 scisse
1549 764 1792 827 eosdem
1821 785 1950 829 esse
1980 764 2297 844 ablativos,
2344 767 2552 851 quales

171 865 313 913 sunt
340 851 528 913 dativi
560 847 914 930 singulares.
1014 846 1254 911 Charis.
1281 846 1386 911 lib.
1420 870 1465 913 ι.
1671 876 1674 881 ·

257 934 319 997 Α
352 934 417 998 R
469 933 678 998 litteris
732 933 979 995 nomina
1024 934 1320 995 neutralia
1364 933 1707 1011 terminata,
1757 934 1844 997 ait
1883 932 2122 1012 Caesar,
2152 933 2316 1018 quod
2345 935 2554 999 dativo

172 1032 259 1169 {th
282 1020 552 1083 ablativo
603 1019 734 1102 pari
778 1019 921 1100 jure
972 1017 1328 1100 funguntur,
1380 1032 1448 1081 ut
1491 1018 1655 1083 idem
1701 1017 1940 1082 Plinius
1986 1020 2214 1083 scribit.
2310 1018 2551 1084 Charis.

211 1105 224 1117 ⁰
264 1151 280 1168 .
316 1127 359 1168 1.
2559 1110 2637 1170 10

260 1189 479 1254 Jubar.
509 1186 746 1252 Plinius
761 1188 852 1251 ait
875 1188 1028 1249 inter
1046 1200 1271 1253 caetera
1294 1188 1474 1251 etiam
1499 1188 1658 1252 istud
1684 1185 2000 1253 Caesarem
2024 1188 2259 1253 dedisse
2279 1211 2556 1275 praecep-

173 1287 323 1353 tum‚
357 1274 519 1357 quod
549 1289 761 1337 neutra
792 1272 1040 1336 nomina
1071 1294 1144 1335 ar
1191 1274 1570 1338 nominativo
1617 1274 1845 1352 clausa,
1877 1296 1984 1359 per
2011 1275 2037 1336 i
2060 1274 2329 1339 dativum
2381 1276 2555 1339 abla-

173 1360 481 1442 tivumque
510 1359 848 1440 singulares
874 1359 1231 1421 ostendant:
1256 1357 1451 1445 jubar
1480 1373 1682 1422 tamen
1701 1357 1882 1445 etfar
1906 1361 1985 1422 ab
2004 1360 2119 1422 hac
2145 1359 2359 1443 reg-ula
2382 1360 2556 1423 dissi-

170 1445 334 1507 dere.
422 1443 486 1506 N
490 1466 587 1507 am
619 1442 755 1505 huic
767 1441 985 1528 jubari
1012 1442 1272 1507 dicimus
1297 1467 1318 1523 3
1364 1442 1438 1509 ab
1466 1442 1578 1507 ltoc
1583 1441 1808 1529 jubare
1831 1466 1857 1522 ,⁰
1899 1456 1956 1508 et
1983 1443 2323 1530 huicsarri,
2348 1444 2423 1509 ab
2447 1444 2559 1510 Ιιοσ

148 1528 353 1615 farre.
455 1527 698 1592 Charis.
727 1527 832 1591 lib.
867 1550 912 1591 1.
1535 1608 1540 1613 Ι
2555 1535 2633 1595 18

260 1616 353 1681 Ac
384 1636 459 1676 ne
488 1613 593 1676 illa
625 1613 780 1676 ratio
807 1626 1050 1697 recepta
1074 1626 1182 1690 est,
1209 1634 1392 1696 quam
1419 1610 1640 1675 Caesar
1662 1613 1837 1695 ponit
1854 1613 1916 1674 in
1941 1612 2289 1693 soemininis,
2310 1628 2377 1678 ut
2391 1636 2558 1701 pup-

154 1699 316 1847 ngt,
358 1699 577 1846 νῗῗηι,
621 1697 876 1783 pulvim.
959 1695 1103 1761 Hoc
1132 1698 1293 1761 enim
1337 1698 1529 1761 modo
1556 1710 1614 1760 et
1642 1695 1715 1760 ab
1744 1695 1855 1761 hoc
1882 1697 2039 1776 cani,
2069 1710 2126 1760 et
2154 1698 2228 1761 ab
2256 1698 2366 1764 hoc
2394 1721 2556 1765 cane.

284 1806 373 1847 ar.
427 1806 451 1844 z
492 1830 508 1846 .
543 1805 588 1846 1.

258 1868 490 1931 Tribus
517 1867 592 1929 iii
615 1866 846 1950 junctis
895 1866 1094 1950 qualis
1125 1879 1328 1952 posset
1374 1867 1614 1950 syllaba
1661 1866 2091 1951 pronuntiari?
2136 1888 2277 1931 nam
2326 1884 2559 1954 postre-

172 1976 340 2018 mum
371 1955 396 2015 i
422 1974 534 2038 pro
562 1953 762 2016 vocali
795 1952 1244 2038 accipiendum,
1278 1955 1443 2035 quod
1468 1951 1710 2017 Caesari
1764 1954 1909 2016 artis
1939 1955 2357 2036 grammaticae
2409 1957 2650 2020 doc-20

172 2041 405 2102 tissimo
430 2039 719 2124 placitum
749 2036 953 2120 fuisse,
972 2041 1011 2103 a
1028 2036 1281 2100 Victore
1311 2059 1555 2122 quoque
1584 2038 1646 2100 in
1676 2052 1804 2101 arte
1825 2036 2246 2103 Grammatico
2267 2040 2346 2104 de
2373 2040 2560 2125 sylla-

176 2126 269 2188 bis
297 2126 749 2209 comprobatur.
834 2122 1036 2186 Prisc.
1068 2121 1172 2185 lib.
1205 2143 1250 2186 1.
2533 2124 2538 2130 '

271 2209 356 2288 V,
386 2209 527 2272 loco
555 2210 947 2272 consonantis
970 2208 1189 2293 posita,
1219 2209 1474 2271 eandem
1508 2229 1755 2292 prorsus
1784 2208 1847 2271 in
1889 2209 2171 2272 omnibus
2196 2209 2317 2273 vim
2348 2210 2565 2275 babuit

172 2296 338 2380 apud
372 2294 651 2373 Latinos,
682 2314 863 2376 quam
891 2295 1057 2378 apud
1088 2292 1300 2356 AEoles
1319 2294 1636 2376 digamma
1662 2293 1737 2372 F,
1766 2315 1880 2379 pro
1904 2315 2028 2377 quo
2058 2293 2279 2359 Coesar
2301 2295 2458 2359 banc
2489 2298 2562 2360 fi-

175 2382 781 2529 guramzffiscribere
809 2379 1037 2445 voluit..
1110 2376 1608 2528 ῼιυοάΡᾳᾳαωῖἰέ
1659 2378 1748 2442 illi
1795 2392 1957 2443 recte
1986 2381 2181 2443 visum
2211 2394 2319 2461 est,
2350 2385 2637 2448 tamen26

173 2486 403 2530 consue
430 2487 468 2528 u
515 2486 554 2529 o
584 2480 709 2529 anu
754 2487 836 2529 ua
865 2485 932 2528 su
1017 2485 1144 2527 ravi
1176 2510 1192 2527 .
1344 2485 1480 2527 mc.
1536 2488 1559 2526 ι
1600 2510 1617 2527 .
1650 2486 1698 2529 1.

262 2550 417 2617 Hoec
436 2550 645 2635 pollis,
664 2487 1014 2636 pblllim’spe
1026 2549 1133 2612 Sic
1162 2549 1502 2614 Charisius.
1591 2547 1836 2614 Probus
1865 2564 2066 2614 autem
2095 2563 2155 2614 et
2184 2549 2422 2631 Caesar,
2451 2552 2563 2619 hoc

155 2635 399 2726 pollen,
416 2633 674 2723 pollinis
702 2637 1181 2701 declinaverunt.
1268 2635 1468 2699 Prisc.
1500 2635 1605 2699 lib.
1638 2658 1728 2699 vt.

260 2722 573 2786 Praeterea
622 2720 842 2786 Cae-sar
893 2722 1177 2799 declinat,
1214 2720 1395 2806 pubis
1438 2721 1685 2807 puberis
1710 2743 1734 2784 .·
1775 2719 2039 2801 Probus,
2058 2720 2249 2809 pubes
2264 2721 2514 2810 puberis
2538 2746 2564 2788 .-

175 2809 448 2893 qnidam,
469 2807 667 2895 puber
681 2807 951 2894 puberis.
1038 2805 1238 2870 Prisc.
1270 2806 1374 2870 lib.
1395 2828 1485 2869 vt.
2562 2812 2646 2874 30

172 2977 241 3042 P
264 2893 563 3040 ῼιιαιῗὶἷίε
593 2892 814 2955 Caesar
860 2915 985 2957 non
1035 2892 1378 2973 incongrue
1410 2890 1662 2976 protulit
1712 2912 1810 2955 ens
1864 2891 1903 2955 a
1928 2892 2118 2955 verbo
2144 2913 2292 2971 mm,
2346 2914 2426 2972 es,
2456 2903 2560 2960 est.

241 3000 378 3041 mc.
513 3023 530 3040 .
563 2998 748 3041 xvm.

259 3062 403 3127 Hoc
431 3061 620 3126 lutum
649 3077 832 3146 atque
858 3062 1166 3127 macellum
1213 3061 1507 3145 singulari
1547 3061 1718 3125 exire
1759 3074 2082 3141 memento,
2126 3061 2273 3126 licet
2299 3059 2562 3142 Ennius,

170 3148 290 3212 ista
320 3148 589 3226 macella,
622 3149 906 3230 dicatque
929 3164 988 3211 et
1018 3148 1258 3225 Caesar,
1288 3147 1438 3211 luta.
1526 3145 1653 3211 Ex.
1694 3147 1925 3234 Capro.

260 3232 579 3297 Lacrumoe
612 3255 690 3296 an
720 3232 1001 3311 lacrima,
1032 3254 1339 3296 mmmm
1371 3255 1448 3295 an
1476 3234 1789 3311 maximus,
1818 3247 1879 3295 et
1905 3231 1956 3293 si
1986 3253 2126 3315 quae
2154 3231 2372 3296 similia
2403 3233 2643 3311 sannas

172 3320 358 3381 scribi
412 3321 694 3396 debeant,
739 3320 1084 3402 quaesitum.
1171 3318 1496 3402 Terentius
1525 3317 1732 3382 Varro
1779 3317 2029 3381 tradidit
2057 3316 2370 3383 Caesarem
2401 3318 2564 3404 peri

169 3405 472 3486 ejusmodi
501 3405 693 3468 verba
722 3404 964 3467 solitum
988 3425 1116 3466 esse
1135 3405 1449 3467 enuntiare
1467 3417 1527 3467 et
1552 3405 1813 3467 scribere
1838 3425 1856 3466 z
1901 3403 2043 3466 inde
2066 3418 2314 3489 propter
2335 3404 2565 3467 autori·

170 3501 360 3551 tatem
390 3492 543 3554 tanti
574 3490 690 3553 viri
720 3489 1217 3553 consuetudinem
1266 3489 1516 3554 factum.
1568 3489 1694 3553 Sed
1723 3510 1842 3572 ego
1888 3489 1952 3551 in
1989 3490 2418 3574 antiquiorum,
2448 3490 2560 3553 &a

180 3570 585 3639 Cassiodorus
610 3598 682 3638 ex
709 3574 947 3638 Annaeo
989 3572 1258 3639 Cornuto
1288 3575 1361 3638 dc
1400 3574 1885 3661 orthographia.

258 3656 456 3721 Varie
485 3661 665 3723 etiam
696 3662 1096 3746 scriptitatum
1122 3674 1230 3739 est,
1259 3660 1656 3746 mancupium,
1687 3657 2024 3746 aucupium,
2054 3657 2365 3723 manubia.
2461 3657 2650 3724 Si-4o

164 3743 422 3893 ἓιέἰάεὖη
453 3743 787 3893 (gv-3238„
811 3767 920 3844 per
946 3744 973 3808 i
1001 3747 1258 3832 scripsit,
1289 3760 1357 3810 ut
1384 3759 1639 3831 apparet
1678 3766 1759 3810 ex
1788 3743 1974 3807 titulis
2005 3744 2209 3832 ipsius.
2254 3743 2362 3808 Ea:
2410 3742 2564 3811 Vel-

254 3855 289 3892 ο
399 3851 430 3893 e
747 3853 786 3894 a
895 3855 955 3895 α.

257 3916 358 3978 An
390 3915 531 3980 ideo
567 3832 988 3980 migrgsli‘M.
1009 3914 1072 3979 T
1076 3917 1256 3980 ullius
1280 3929 1510 3994 orator,
1530 3914 1696 4000 quod
1728 3915 1889 3978 idem
1919 3914 2066 3978 artis
2094 3914 2271 3998 hujus
2301 3913 2564 4001 (Gron-

164 4000 436 4087 moticoe)
469 4001 967 4087 diligentissimus
994 4002 1128 4083 fuit,
1157 4017 1219 4067 et
1258 4004 1321 4066 in
1352 4002 1502 4082 filio,
1559 4002 1706 4068 utin
1739 3999 2038 4087 Epistolis
2087 4013 2363 4088 apparet,
2393 3999 2561 4065 recte
