3059 5050
1222 265 1503 377 uena
1543 311 1596 376 1.
1883 362 1890 373 ,
2554 315 2640 375 15

191 456 468 526 ostendit.
554 458 694 546 Ipse
722 459 798 524 de
844 458 1061 543 quarta
1080 458 1294 541 vigilia
1332 458 1544 523 eodem
1598 458 1826 533 itinere,
1853 458 1973 540 quo
1997 449 2194 521 hostes
2225 456 2433 536 ierant,
2469 458 2548 522 ad

188 568 294 610 eos
340 547 665 622 contendit,
693 546 1143 628 equitatumque
1172 562 1412 606 omnem
1450 543 1591 605 ante
1645 542 1841 604 mittit.
1927 540 2005 604 P.
2049 540 2397 619 ConsidiuS,
2446 542 2549 626 qui

190 631 280 692 rei
308 630 582 693 militaris
610 629 1000 714 peritissimus
1028 629 1383 704 habebatur,
1406 641 1466 689 et
1492 627 1560 689 in
1584 627 1853 689 exercitu
1881 622 1959 688 L.
2009 626 2223 710 Syllse,
2255 641 2316 689 et
2342 640 2552 713 postea

194 715 258 778 in
287 713 379 777 M.
410 713 618 777 Crassi
647 714 860 790 fuerat,
889 734 1026 774 cum
1057 711 1543 796 exploratoribus
1566 710 1968 795 praemittitur.

276 796 491 862 XXII.
536 797 750 860 Prima
782 796 933 874 luce,
966 817 1151 881 quum
1203 816 1468 857 summus
1511 816 1684 857 mons
1715 795 1753 857 a
1794 793 1877 856 T.
1908 794 2187 857 Labieno
2233 807 2551 873 teneretur,
2597 800 2634 856 5

190 883 325 967 ipse
354 885 431 945 ab
460 883 718 945 hostium
748 882 1107 957 castrisnon
1144 879 1387 960 longius
1436 879 1601 943 mille
1643 894 1702 942 et
1748 880 2087 963 quingentis
2137 879 2412 964 passibus
2445 882 2554 942 ab·

187 983 384 1045 esset3
426 988 640 1050 neque,
672 981 737 1029 ut
764 978 973 1051 postea
1000 986 1078 1026 ex
1106 964 1361 1049 captivis
1404 965 1718 1049 comperit,
1759 976 1867 1026 aut
1893 964 2080 1050 ipsius
2108 964 2419 1042 adventus,
2449 979 2556 1027 aut

193 1049 475 1128 Labieni,
506 1052 786 1133 cognitus
815 1063 1004 1112 essen
1049 1063 1079 1094 ⁸
1104 1046 1437 1111 Considius
1465 1069 1625 1129 equo
1673 1048 1935 1111 admisso
1972 1048 2053 1111 ad
2093 1069 2231 1111 eum
2254 1050 2554 1112 accurrit:

191 1135 342 1197 dicit
369 1148 654 1213 montem,
679 1156 857 1217 quem
905 1134 944 1195 a
984 1131 1263 1195 Labieno
1293 1134 1580 1217 occupari
1608 1132 1884 1209 voluerit,
1916 1134 1995 1195 ab
2024 1133 2295 1195 hostibus
2321 1132 2509 1197 teneri
2537 1155 2554 1193 ε

193 1219 257 1281 id
287 1240 350 1282 se
374 1221 412 1281 a
436 1219 689 1282 Gallicis
718 1219 899 1280 armis
924 1232 1105 1299 atque
1128 1217 1460 1298 insignibus
1481 1217 1856 1298 cognovisse.
1946 1215 2164 1279 Caesar
2185 1236 2325 1278 suas
2346 1217 2642 1300 copiaslo

191 1303 256 1365 in
286 1304 629 1388 proximum
659 1302 874 1366 collem
929 1301 1224 1378 subducit,
1256 1302 1447 1363 aciem
1490 1301 1745 1363 instruit.
1833 1298 2162 1375 Labienus,
2210 1313 2279 1362 ut
2320 1314 2452 1362 erat
2502 1302 2558 1362 ei
2678 1310 2686 1317 ’

236 1402 563 1472 raeceptum
594 1389 632 1450 s
653 1387 924 1464 Caesare,
953 1407 1030 1448 ne
1046 1384 1326 1471 proelium
1354 1385 1769 1463 committeret,
1799 1385 1913 1447 nisi
1935 1384 2125 1467 ipsius
2147 1385 2345 1468 copiae
2363 1384 2559 1483 prope

188 1409 451 1535 bostium
480 1487 680 1536 castra
705 1474 856 1534 visre
884 1485 1098 1547 essent,
1130 1484 1195 1531 ut
1225 1470 1489 1552 undique
1535 1491 1656 1531 uno
1708 1484 1979 1554 tempore
2021 1468 2087 1530 in
2128 1468 2327 1532 hostes
2369 1489 2566 1554 impe-

192 1572 286 1617 tus
316 1558 481 1620 fieret
505 1580 524 1636 3
566 1571 771 1619 monte
801 1568 1119 1638 occupato,
1149 1567 1383 1616 nostros
1421 1555 1802 1638 expectabat,
1831 1552 2171 1637 proelioque
2200 1553 2559 1615 abstinebat.

186 1638 391 1704 Multo
420 1643 677 1724 denique
705 1642 804 1704 die
832 1663 941 1724 per
968 1639 1378 1723 exploratores
1406 1639 1701 1720 cognovit
1728 1636 1965 1713 Coesar,
1994 1650 2055 1698 et
2081 1653 2347 1699 montem
2379 1640 2418 1700 ὁ,
2441 1638 2646 1701 suisl5

186 1727 398 1802 teneri,
428 1740 489 1787 et
511 1728 708 1788 hostes
737 1739 936 1787 castra
963 1722 1239 1800 movisse,
1260 1735 1320 1784 et
1341 1720 1706 1785 Considium
1733 1722 1949 1784 timore
1972 1722 2371 1805 perterritum,
2397 1723 2563 1805 quod

186 1830 317 1870 non
367 1811 631 1886 vidisset,
679 1830 794 1891 pro
845 1808 977 1869 viso
1021 1808 1138 1868 sibi
1166 1806 1561 1872 renuntiasse.
1621 1804 1724 1868 Eo
1752 1806 1850 1868 die
1878 1826 2001 1888 quo
2028 1806 2354 1868 consuerat
2381 1807 2564 1870 inter-

185 1892 379 1970 vallo,
411 1893 609 1954 hostes
655 1892 938 1975 sequitur,
980 1903 1040 1952 et
1084 1889 1275 1950 millia
1317 1910 1601 1973 passuum
1634 1889 1752 1950 tria
1782 1890 1862 1951 ab
1892 1909 2101 1959 eorum
2133 1891 2344 1952 castris
2367 1904 2567 1953 castra

239 1977 386 2039 onit-

188 1997 235 2060 Ρ
277 2059 527 2123 ΧΧΙΠ.
572 2050 878 2123 Postridie
906 2060 1031 2142 ejus
1061 2058 1199 2136 diei,
1245 2057 1408 2140 quod
1444 2058 1693 2119 omnino
1721 2057 1972 2121 biduum
2018 2072 2344 2142 supererat,
2424 2062 2656 2122 uum20

180 2146 458 2207 exercitu
486 2144 848 2207 trumentum
874 2143 1067 2206 metiri
1097 2156 1417 2241 oporteret,
1450 2155 1508 2203 et
1539 2140 1702 2224 quod
1733 2141 1771 2203 a
1792 2139 2084 2204 Bibracte
2112 2143 2343 2226 oppido
2453 2145 2567 2208 du-

185 2251 362 2291 orum
394 2229 580 2313 longe
610 2228 883 2291 maximo
914 2248 985 2290 ac
1015 2227 1451 2310 coplosissimo‚
1501 2247 1627 2289 non
1679 2225 1936 2309 amplius
1983 2226 2248 2289 millibus
2275 2249 2564 2314 passuum

183 2336 379 2377 xvm.
414 2316 642 2390 aberat,
689 2312 775 2374 rei
822 2311 1228 2374 frumentariae
1274 2310 1764 2395 prospiciendum
1789 2310 2192 2374 existimavit:
2234 2325 2296 2374 et
2339 2313 2453 2377 iter
2482 2315 2564 2376 ab

156 2398 483 2462 -Helvetiis
511 2397 745 2474 avertit,
786 2419 859 2460 ac
903 2395 1194 2459 Bibracte
1239 2395 1325 2457 ire
1367 2395 1694 2457 contendit.
1783 2393 1885 2457 Ea
1912 2416 2005 2457 res
2033 2406 2143 2479 per
2172 2395 2462 2481 fugitivos
2483 2397 2560 2461 L.

182 2481 445 2561 AEmilii,
473 2481 839 2546 Decurionis
870 2481 1136 2565 equitum
1169 2479 1509 2556 Gallorum,
1561 2478 1828 2542 hostibus
1858 2480 2184 2545 nuntiatur.
2274 2480 2646 2563 Helvetii‚25

188 2590 299 2630 seu
327 2569 492 2651 quod
518 2568 735 2630 timore
763 2566 1106 2651 perterritos
1132 2564 1453 2628 Romanos
1497 2565 1803 2627 discedere
1846 2565 2275 2646 existimarent,
2315 2567 2389 2630 eo
2434 2589 2566 2631 ma-

184 2653 309 2735 gis,
339 2653 505 2736 quod
532 2652 723 2736 pridie
753 2649 1156 2735 superioribus
1182 2649 1333 2712 locis
1362 2671 1515 2712 occu
1560 2649 1692 2726 atis,
1737 2650 2018 2735 proelium
2062 2672 2187 2714 non
2231 2653 2566 2717 commisis-

181 2751 361 2815 sent3
405 2738 535 2800 sive'
555 2737 719 2819 quod
748 2759 811 2799 re
836 2734 1226 2798 frumentaria
1246 2733 1501 2797 interclu
1545 2734 1561 2750 ’
1583 2755 1758 2818 posse
1777 2735 2167 2813 confiderent,
2192 2752 2565 2802 commutato

181 2822 465 2900 consilio,
496 2835 675 2903 atque
702 2822 911 2883 itinere
933 2840 1246 2896 converso,
1272 2833 1509 2882 nostros
1539 2818 1578 2882 a
1598 2819 1928 2884 novissimo
1958 2819 2203 2906 agmine
2226 2821 2461 2905 insequi
2490 2846 2563 2886 ac

181 2905 480 2970 lacessere
508 2918 839 2989 coeperunt.
1594 2947 1600 2955 ·
2565 2913 2651 2974 30

272 2989 518 3066 XXIV.
564 2990 901 3073 Postquam
930 2989 995 3053 id
1017 2989 1459 3065 animadvertit,
1484 2987 1696 3075 copias
1721 3010 1857 3051 suas
1883 2987 2101 3053 Caesar
2124 2990 2188 3055 in
2215 2993 2565 3077 proximum

183 3075 405 3138 collem
436 3076 735 3152 subducit,
761 3075 1228 3157 equitatumque,
1276 3074 1379 3156 qui
1410 3072 1726 3137 sustineret
1753 3072 2012 3137 hostium
2043 3074 2353 3159 impetum,
2382 3078 2563 3139 misit.

182 3158 327 3244 lpse
374 3160 613 3222 interim
656 3160 718 3221 in
766 3158 1151 3223 colle'medio
1187 3158 1483 3243 triplicem
1527 3157 1721 3221 aciem
1763 3157 2046 3220 instruxit
2072 3157 2385 3239 legionum
2415 3181 2566 3242 qua-

184 3258 326 3307 tuor
354 3259 795 3321 veteranarum,
828 3244 910 3306 ita
942 3245 1026 3306 uti
1070 3265 1253 3328 supra
1282 3265 1345 3304 se
1373 3244 1437 3307 in
1467 3264 1703 3306 summo
1718 3243 1881 3325 jugo
1909 3243 2061 3306 duas
2090 3242 2381 3326 legiones,
2413 3266 2566 3327 quas

184 3329 249 3391 in
276 3328 485 3406 Gallia
514 3328 790 3391 citeriore
862 3328 1100 3391 mxime
1131 3328 1366 3391 conseri
1414 3342 1589 3405 serat,
1634 3342 1694 3391 et
1722 3327 1930 3391 omnia
1957 3327 2190 3390 auxilia
2217 3328 2652 3410 collocaret,35

186 3436 259 3476 ac
300 3428 492 3477 totum
523 3427 788 3476 montem
814 3351 1156 3475 geminibus
1182 3426 1528 3497 comp.eret.
1616 3411 1856 3476 Interea
1879 3413 2146 3476 sarcinas
2170 3413 2233 3476 in
2263 3435 2450 3477 unum
2475 3414 2566 3478 lo-

185 3520 324 3561 cum
350 3498 632 3575 conferri,
661 3512 722 3560 et
749 3519 886 3560 eum
917 3500 996 3559 ab
1028 3497 1119 3573 iis,
1151 3499 1254 3580 qui
1283 3497 1346 3560 in
1376 3498 1682 3582 superiore
1723 3499 1856 3562 acie
1884 3498 2295 3577 constiterant,
2343 3501 2567 3566 muniri

171 3581 371 3664 jussit.
438 3581 724 3661 Helvetii,
755 3604 893 3644 cum
919 3583 1198 3645 omnibus
1229 3583 1350 3644 suis
1379 3583 1567 3644 carris
1592 3579 1798 3660 secuti,
1829 3583 2259 3669 impedimenta
2285 3586 2349 3650 in
2379 3607 2569 3651 unum

825 3740 878 3810 'a
915 3724 1158 3774 Considius
1177 3725 1360 3773 advolat
1382 3724 1445 3772 ml
1465 3725 1614 3787 ipsum
1634 3739 1751 3788 equo
1771 3724 1971 3773 incenato.

184 3827 376 3873 montis.
438 3826 556 3873 Alias
575 3834 686 3873 sunt
719 3827 823 3888 ejus
851 3826 983 3873 vocis
1015 3828 1389 3887 significationes
1512 3828 1592 3875 24.
1625 3827 1678 3875 L.
1698 3828 1899 3886 Εηιϋίἰ,
1933 3830 2242 3894 Decurionis]
2287 3831 2583 3882 Decus-iones
2605 3847 2655 3884 et

183 3888 397 3945 coplae,
413 3891 537 3935 etab
558 3890 652 3935 hac
674 3890 830 3947 prima
851 3890 1081 3936 deducte.
1455 3889 1789 3946 Centuriones,
1803 3899 1857 3938 ut
1871 3893 2029 3939 Nonio
2045 3894 2277 3942 Marcello
2291 3894 2497 3953 videtur,
2517 3900 2547 3944 a
2567 3912 2652 3944 nu·

218 4011 229 4021 ⁸
248 3951 295 3994 3.
331 3948 381 3995 L.
408 3949 584 4011 Sylla]
620 3950 794 3996 Lucius
819 3951 1071 3997 Cornelius
1092 3951 1226 4011 sylla
1244 3952 1391 4010 patri·
1454 3966 1587 3998 mero
1611 3952 2488 4013 militum,enipi-aeranndicebentur.
2530 3958 2655 4006 cum

184 4025 264 4057 cto
285 4025 461 4070 genere
482 4021 637 4070 natus,
662 4013 813 4058 multa
832 4013 961 4059 bella
988 4021 1189 4059 externa
1210 4023 1258 4060 et
1280 4014 1393 4060 civi·
1457 4014 1584 4060 enim
1607 4016 1669 4060 ab
1692 4014 1825 4059 initio
1853 4014 2084 4064 Romul-n
2105 4018 2200 4065 tria
2236 4021 2383 4068 millia
2422 4021 2656 4081 peditum,

183 4072 254 4148 lia
275 4080 509 4146 gesserat,
527 4088 630 4134 qu
651 4075 840 4135 require
862 4076 991 4133 apud
1014 4075 1322 4122 Plutarchum
1347 4076 1395 4122 in
1458 4078 1639 4149 equites
1662 4083 1901 4123 trecento·
1928 4077 2185 4134 habuisset,
2207 4081 2256 4129 iu
2285 4093 2381 4129 tres
2402 4083 2551 4129 tribus
2582 4091 2655 4129 to-

180 4148 291 4244 eju:
311 4141 605 4272 v-ztcram']
640 4198 833 4246 Marcus
849 4198 1053 4245 Crassus
1068 4199 1276 4246 omnium
1294 4198 1390 4246 Ro·
1451 4138 2009 4261 fflm'ltiumnmquamqnenumm
2024 4140 2655 4263 igi-deceuffibuhcuqffirtittrds

180 4273 438 4306 manorum
452 4259 724 4318 ditissimus,
745 4262 824 4321 qui
839 4259 1073 4308 &Parthis
1088 4262 1176 4308 snit
1190 4262 1390 4308 occisus.
1451 4269 1541 4309 est.
1604 4262 1753 4309 Curia
1783 4270 1948 4312 autem
1980 4272 2172 4312 centum
2213 4266 2421 4314 habebat
2454 4270 2655 4326 pedites,

181 4319 302 4383 Ejus
318 4322 503 4380 pariter
517 4335 594 4367 res
611 4330 769 4383 gestas
785 4323 894 4369 vide
915 4323 1043 4382 apud
1061 4325 1265 4370 eundern
1279 4322 1390 4369 Plu·
1451 4325 1713 4381 decemque
1727 4325 1938 4384 equites:
1959 4326 2131 4385 quibus
2148 4328 2382 4384 equitibus
2395 4329 2559 4377 decern
2573 4334 2655 4392 qui

181 4385 401 4432 tax-chum
423 4391 473 4430 et
496 4383 769 4443 Appianum
790 4385 839 4430 in
854 4385 935 4431 lib.
957 4386 997 4430 1.
1020 4386 1082 4431 de
1103 4386 1230 4433 bello
1244 4385 1388 4442 civili,
1451 4393 1674 4444 praeerat,
1717 4384 1927 4435 Decus-to
1967 4388 2233 4435 dicebatur.
2326 4389 2503 4439 Postea
2540 4393 2658 4442 νει-ὸ

180 4445 293 4492 item
314 4445 366 4492 in
388 4445 632 4493 Parthico.
1450 4455 1703 4495 crescente*
1717 4462 1936 4506 numero,
1956 4455 2146 4496 notata
2166 4458 2240 4495 eet
2261 4452 2404 4499 etiam
2425 4455 2549 4502 ratio
2562 4470 2573 4481 ·
2608 4467 2656 4504 et

240 4508 320 4554 21.
352 4505 607 4569 Bibracte]
664 4508 930 4582 AEduqrum
969 4508 1196 4568 oppidum
1240 4508 1386 4585 longe
1447 4523 1539 4569 pro
1560 4510 1756 4556 decuria
1778 4511 1909 4558 sacta
1939 4518 2015 4558 est
2035 4517 2212 4566 tuma,
2232 4527 2335 4572 quo
2358 4522 2479 4564 teste
2501 4489 2655 4578 Vege-

180 4571 440 4617 maxhnurn
464 4575 610 4628 arque
647 4570 1043 4630 coptoetuimmn,
1077 4585 1205 4618 nune
1227 4574 1277 4619 in
1298 4572 1390 4619 vici
1452 4573 1538 4626 tio,
1555 4572 1635 4618 lib.
1659 4585 1714 4618 n.
1735 4586 1845 4632 cup.
1865 4572 1940 4619 14.
1960 4571 2144 4631 equites
2160 4572 2305 4624 habet
2321 4580 2661 4638 xxxmquibns

181 4631 385 4679 sormam
407 4633 676 4687 reductum,
708 4632 838 4678 haud
871 4630 1015 4692 longe
1051 4634 1115 4680 ab
1151 4634 1389 4693 Augusto·
1452 4635 1531 4693 qui
1555 4641 1726 4692 proeest
1759 4643 1959 4681 vocatur
1990 4633 2219 4693 Decurio‚
2243 4638 2396 4700 qualis
2440 4641 2520 4688 hie
2552 4652 2660 4689 ent

178 4693 322 4742 duno.
385 4693 531 4741 Nune
551 4692 740 4751 dieitur,
755 4692 959 4754 Bcuray.
1444 4705 1614 4743 turma
1627 4696 1879 4756 prefectus
1903 4696 1959 4748 L.
1982 4696 2216 4747 AEmilius.
