3059 5050
1175 234 1452 306 LIBER
1491 233 1608 304 vl.
2513 245 2645 307 11⁶²·

207 389 604 455 Tenchtberos
647 400 827 472 atque
848 383 1146 474 Usipetes,
1178 390 1362 473 supra
1389 388 1722 452 docuimus.
1809 384 2222 451 Transeuntes
2263 384 2551 452 Rhenum
2582 372 2589 377 ’

205 477 440 540 navibus
471 474 835 556 ratibusque,
868 495 1003 536 xxx.
1035 474 1295 536 millibus
1333 494 1614 557 passuum
1663 471 1818 533 infra
1846 493 1981 534 eum
2013 473 2234 557 locum,
2266 475 2368 534 ubi
2398 494 2555 557 pons

202 575 319 623 erat
368 561 769 644 imperfectus,
816 559 1286 643 praesidiumque
1327 561 1406 622 ab
1449 557 1700 621 Coesare
1728 557 2021 634 relictum,
2052 559 2279 640 primos
2310 556 2552 620 Eburo·

200 665 332 708 num
349 645 506 707 fines
535 646 787 707 adeunt:
830 644 1050 705 multos
1077 665 1155 705 ex
1181 644 1330 726 suga
1357 643 1656 727 dispersos
1678 643 2020 726 excipiunt:
2066 662 2294 725 magno
2316 642 2552 726 pecoris

200 750 459 807 numero,
490 731 660 812 cujus
712 742 848 791 sunt
902 729 1271 813 cupidissimi
1324 729 1588 804 barbari,
1676 728 1961 789 otiuntur.
2046 725 2292 790 Invitati
2340 727 2554 811 proeda
2594 731 2637 791 5

197 814 435 895 longius
462 815 815 897 procedunt.
899 812 963 875 N
966 834 1045 875 on
1093 814 1204 875 hos
1244 813 1418 897 palus
1447 814 1507 874 in
1542 813 1617 875 be
1664 833 1704 875 o
1733 812 2180 894 latrociniisque
2202 826 2395 889 natos,
2427 833 2552 875 non

197 898 362 961 silvae
385 914 713 961 morantur.
774 896 1013 979 Quibus
1042 898 1104 960 in
1127 897 1275 960 locis
1306 898 1381 959 sit
1403 896 1641 974 Coesar,
1672 919 1750 960 ex
1779 896 2032 981 captivis
2061 909 2368 979 quaerunt:
2411 918 2555 982 pro-

197 983 409 1046 fectum
440 984 684 1065 longius
707 984 1030 1067 reperiunt,
1056 1002 1416 1065 omnemque
1437 983 1768 1045 exercitum
1789 982 2133 1044 discussisse
2154 994 2551 1064 cognoscunt.

194 1069 390 1150 Atque
419 1090 571 1130 unus
613 1089 692 1130 ex
742 1067 1013 1151 captivis,
1056 1068 1202 1150 quid
1239 1087 1371 1143 νοε,
1415 1067 1628 1149 inquit,
1677 1067 1833 1129 hanc
1882 1067 2159 1129 miseram
2211 1078 2273 1129 et
2318 1080 2555 1129 tenuem

196 1153 503 1215 sectamini
547 1152 841 1237 praedam,
893 1153 1109 1236 quibus
1147 1154 1283 1234 jam
1336 1151 1476 1213 licet
1520 1172 1648 1214 esse
1690 1151 2209 1214 fortunatissimis?
2261 1172 2362 1215 111.
2395 1152 2647 1216 horisIO

193 1238 555 1301 Atuatucam
584 1237 788 1301 venire
815 1236 1093 1321 potestis:
1147 1238 1265 1300 buc
1295 1257 1504 1299 omnes
1534 1258 1672 1299 suas
1701 1236 1971 1299 fortunas
2000 1236 2298 1299 exercitus
2327 1235 2562 1299 Roma-

191 1330 407 1385 norum
429 1322 711 1386 contulit:
756 1322 1025 1406 praesidii
1047 1335 1280 1386 tantum
1309 1334 1417 1400 est,
1444 1334 1510 1384 ut
1537 1344 1614 1384 ne
1641 1342 1846 1385 murus
1870 1322 2111 1405 quidem
2154 1320 2320 1405 cingi
2351 1322 2560 1406 possit,

191 1428 387 1507 neque
423 1408 738 1492 qnisquam
761 1407 995 1508 ‘egredi
1038 1420 1213 1471 extra
1253 1408 1615 1509 munitiones
1664 1408 1902 1507 audeat.
1990 1405 2221 1505 Oblata
2251 1426 2375 1507 spe,
2407 1405 2565 1470 Ger-

190 1491 2647 1660 fflzssnfftffdffiffiffifflg‘:1¹23„553⁰m11‘33‘12332.523;.{‘⁰³“¹·1⁵

270 1660 553 1725 XXXV.
599 1662 845 1740 Cicero,
917 1663 979 1725 ui
1008 1683 1118 1746 per
1141 1682 1350 1725 omnes
1378 1664 1717 1748 superiores
1744 1662 1891 1741 dies,
1922 1663 2245 1747 praeceptis
2274 1660 2562 1740 Caesaris,

189 1748 431 1810 summa
458 1747 776 1830 diligentia
803 1748 886 1808 mi
913 1747 1021 1808 ‘tes
1049 1747 1114 1809 in
1136 1760 1337 1808 casua
1362 1747 1773 1824 continuisset,
1816 1769 1889 1809 ac
1918 1768 1995 1809 ne
2018 1747 2298 1808 calonem
2323 1747 2565 1829 quidem

230 1830 1215 1978 Zffffifflmffliffl
1244 1850 1425 1976 {322
1410 1830 1464 1892 ‘¹¹'
1478 1844 2099 1997 taezmoessnga·
2143 1830 2569 1996 fflssffissssff‘ssiffi

1856 1961 1872 1992 2

119 2086 126 2093 ·
187 2019 430 2146 3‘31‘320'
396 1997 2655 2169 ‘a”¹¹¹&2¹33ssvfflssssfflzffssffiffffmffiffxffama?

189 2167 605 2252 appellabant,
626 2168 920 2251 siquidem
944 2189 1023 2230 ex
1047 2169 1257 2231 castris
1275 2169 1482 2251 egredi
1507 2189 1634 2231 non
1664 2168 1907 2232 liceret:
1951 2168 2184 2232 nullum
2227 2169 2570 2252 hujusmodi

186 2274 399 2316 casum
429 2267 806 2337 exspectans,
852 2274 973 2335 quo
998 2274 1083 2315 1x.
1110 2254 1400 2353 oppositis
1429 2253 1792 2337 legionibus,
1841 2255 2233 2337 maximoque
2280 2255 2568 2337 equitatu,

188 2337 476 2423 dispersis
506 2360 578 2401 ac
602 2339 759 2423 pene
785 2338 994 2401 deletis
1021 2338 1312 2415 hostibus,
1341 2339 1405 2401 in
1435 2338 1698 2401 millibus
1727 2359 2012 2424 passuum
2039 2360 2141 2402 111.
2168 2338 2391 2402 offendi
2427 2361 2570 2425 pos·

190 2436 317 2486 set:
362 2444 423 2485 v.
449 2424 728 2487 cohortes
755 2423 1178 2486 frumentatum
1220 2423 1283 2485 in
1307 2425 1621 2507 proximas
1664 2438 1894 2507 segetes
1917 2424 2097 2502 misit,
2125 2446 2275 2507 quas
2316 2425 2471 2487 inter
2511 2427 2650 2489 «2125

187 2522 391 2573 castra
420 2530 573 2572 unus
614 2508 862 2573 omnino
900 2508 1072 2572 collis
1115 2510 1415 2573 intererat.
1503 2508 1868 2593 Complures
1911 2522 2086 2574 erant
2134 2510 2198 2574 in
2239 2510 2450 2574 castris
2490 2533 2569 2575 ex

185 2593 538 2679 legionibus
562 2594 715 2678 aegri
746 2595 968 2674 relicti;
995 2616 1074 2658 ex
1105 2595 1323 2677 quibus
1352 2595 1455 2678 qui
1483 2595 1605 2658 hoc
1634 2597 1832 2680 spatio
1854 2596 2088 2659 dierum
2113 2596 2567 2676 convaluerant,

188 2679 432 2743 circiter
461 2701 607 2744 ccc.
638 2682 750 2743 sub
791 2680 1020 2745 vexillo
1061 2681 1185 2743 una
1227 2682 1570 2744 mittuntur:
1631 2701 1863 2764 magna
1908 2683 2202 2766 praeterea
2247 2681 2568 2746 multitudo

187 2764 498 2843 calonum,
529 2787 756 2866 magna
783 2766 876 2830 vis
888 2767 1324 2849 jumentorum,
1351 2787 1491 2849 quae
1519 2767 1585 2829 in
1614 2770 1825 2830 castris
1856 2769 2225 2847 subsederat,
2250 2768 2414 2832 facta
2452 2789 2568 2853 po-

187 2864 532 2999 ωῒὶέΐῗῇζν
558 2865 776 2999 mtfiroc
804 2936 940 3021 ipso
967 2950 1238 3021 tempore
1271 2949 1332 2998 et
1358 2958 1505 2999 casu
1543 2936 1836 3001 Germani
1877 2939 2106 3020 equites
2144 2856 2653 3016 interveniunt,3⁰

183 3021 584 3105 protinusque
605 3024 819 3085 eodem
851 3021 977 3100 illo,
1022 3043 1146 3104 quo
1166 3035 1478 3098 venerant,
1523 3042 1723 3098 cursu,
1772 3023 1851 3085 ab
1882 3020 2242 3084 Decumana
2282 3022 2460 3106 porta
2506 3023 2570 3085 in

186 3119 395 3170 castra
438 3108 769 3192 irrumpere
812 3119 1139 3169 conantur:
1183 3126 1294 3168 nec
1339 3106 1506 3189 prius
1552 3118 1689 3167 sunt
1724 3106 1861 3183 visi,
1900 3107 2152 3187 objectis
2191 3107 2270 3167 ab
2298 3106 2372 3167 ea
2398 3119 2571 3191 parte

185 3191 378 3270 silvis,
403 3192 583 3274 quam
614 3193 824 3256 castris
854 3211 1048 3293 appro
1093 3191 1430 3275 inquarent,
1457 3212 1645 3272 usque
1673 3190 1769 3268 eo,
1799 3201 1867 3252 ut
1895 3190 1997 3272 qui
2037 3192 2148 3253 sub
2170 3189 2337 3253 vallo
2364 3191 2572 3254 tende-

186 3290 326 3341 rent
348 3290 730 3355 mercatores,
761 3278 1027 3361 recipien
1070 3276 1091 3339 i
1121 3277 1210 3339 sui
1242 3297 1366 3339 non
1409 3277 1700 3339 haberent
1723 3274 2088 3339 facultatem.
2174 3274 2205 3339 1
2212 3275 2652 3359 nopinantes35

186 3363 380 3425 nostri
428 3384 494 3425 re
533 3364 695 3426 nova
744 3363 1188 3464 perturbantur,
1239 3383 1310 3425 ac
1352 3363 1455 3428 vix
1489 3362 1752 3446 primum
1782 3361 2072 3462 impetum
2109 3363 2328 3425 cohors
2358 3361 2422 3423 in
2451 3375 2572 3425 sta-

188 3447 355 3511 tione
383 3449 661 3512 sustinet:
706 3447 1266 3512 cucumfimduntur
1306 3448 1507 3510 hostes
1553 3467 1632 3510 ex
1676 3447 1918 3530 reliquis
1963 3447 2254 3531 partibus,
2301 3447 2350 3509 si
2392 3469 2569 3531 quem

186 3533 420 3597 aditum
451 3535 714 3617 reperire
741 3547 1014 3619 possent:
1061 3532 1231 3615 segre
1264 3533 1452 3595 nostri
1497 3546 1705 3617 portas
1743 3546 2023 3596 tuentur:
2068 3533 2329 3617 reliquos
2373 3534 2570 3596 aditus

186 3616 360 3680 locus
408 3619 537 3703 ipse
574 3641 685 3704 per
727 3640 791 3683 se
837 3618 1211 3702 munitioque
1239 3618 1533 3681 defendit:
1577 3619 1718 3681 totis
1760 3618 2096 3703 trepidatur
2124 3619 2355 3696 castri&
2388 3630 2569 3702 atque

187 3701 346 3765 alius
366 3725 447 3767 ex
471 3703 593 3768 alio
617 3725 891 3768 caussam
915 3702 1204 3768 tumultus
1222 3704 1469 3787 quaerit:
1499 3724 1696 3787 neque
1714 3702 1836 3787 quo
1861 3704 2039 3786 signa
2062 3704 2349 3781 serantur,
2375 3705 2654 3785 neque40

185 3808 372 3870 quam
400 3789 462 3852 in
482 3804 717 3874 partem
746 3792 998 3876 quisque
1013 3790 1355 3867 conveniat,
1386 3789 1726 3874 provident.
1812 3787 1987 3851 Alius
2002 3790 2136 3872 jam
2167 3801 2349 3872 capta
2372 3801 2574 3851 castra

185 3874 572 3957 pronuntiat:
617 3875 789 3954 alius,
814 3875 1012 3939 deleto
1053 3875 1319 3937 exercitu
1350 3889 1531 3958 atque
1558 3872 1952 3959 Imperatore,
1978 3874 2244 3936 'victores
2274 3873 2570 3935 barbaros

183 3959 422 4023 venisse
449 3962 789 4040 contendit;
832 3960 1104 4046 plerique
1132 3980 1323 4022 novas
1352 3959 1466 4022 sibi
1489 3981 1571 4022 ex
1601 3959 1740 4022 loco
1769 3958 2093 4041 religiones
2122 3960 2382 4041 fingunt,
2413 3955 2569 4021 Cot-

250 4164 327 4212 17.
365 4163 622 4226 Caluum]
670 4164 746 4212 De
788 4163 1049 4211 cacum
1089 4162 1205 4211 item
1242 4160 1386 4223 supra
1446 4161 1968 4223 Vir-gihffineidanffl.
1992 4158 2272 4219 mncpone
2286 4158 2651 4208 videtui-Roma-

181 4226 368 4274 dictum
1018 4237 1026 4244 '
1446 4225 1523 4272 nis
1545 4240 1642 4272 non
1662 4225 1809 4272 fnisse
1829 4223 2081 4283 permistos
2104 4223 2152 4270 in
2173 4222 2343 4269 castris
2364 4230 2651 4271 mercatores

244 4289 326 4335 m.
359 4259 646 4337 Μαια-
703 4288 1155 4349 menapos-ta,
1177 4287 1388 4334 utresert
1448 4302 1557 4334 cum
1589 4287 1844 4346 militina„
1877 4289 1961 4334 sed
1996 4293 2168 4333 contra
2202 4291 2380 4341 casua,
2417 4286 2544 4332 unde
2578 4301 2651 4333 re-

182 4350 430 4426 Vegetius‚
459 4353 522 4399 ab
635 4413 646 4425 ⁸
669 4414 679 4425 ο
771 4363 956 4427 aversa,
977 4359 1127 4411 porto
1148 4349 1388 4398 Pretorio
1447 4357 1640 4410 ceptum
1682 4350 1731 4396 in
1773 4359 1933 4397 casm
1973 4349 2232 4404 habebant,
2286 4346 2327 4393 si
2369 4347 2483 4406 quid
2527 4357 2654 4397 esset

179 4413 771 4536 ἕξᾞωῆἔῗδέιὲῗ,
808 4413 849 4460 ⁸¹
869 4428 950 4473 qm
971 4414 1098 4472 ἀὼς
1249 4420 1287 4468 ι’
1324 4414 1388 4459 ω
1449 4413 1589 4522 mgis..
1639 4472 1789 4536 AEgrd
1830 4471 1976 4546 nostri
2018 4475 2179 4535 portas
2218 4472 2440 4547 tuentius]
2492 4471 2650 4522 Portis

245 4539 323 4585 ³4.
362 4537 421 4586 Ue
523 4538 534 4549 ’
568 4538 652 4585 sub
669 4536 796 4585 vallo
816 4536 1048 4586 tenderent
1082 4536 1385 4598 mercatorem]
1443 4537 1578 4585 enim
1599 4551 1695 4584 nou
1717 4543 1822 4583 erat
1843 4537 2035 4596 objecta
2057 4535 2203 4590 fossa,
2222 4542 2275 4582 ut
2295 4534 2411 4582 locis
2428 4534 2651 4586 diues·-

248 4597 346 4649 Ηδο
474 4664 486 4674 ·
655 4613 840 4659 umus,
878 4598 957 4649 Ιιὶσ
994 4613 1139 4650 som
1176 4599 1388 4651 undem
1446 4595 2463 4659 aurumnedplaumadillaserataditus.
2685 4599 2703 4628 ⁸
