3059 5050
848 256 974 323 DE
1016 250 1323 319 BELLo
1365 249 1629 315 Anax.
1663 247 1960 337 LIBER.
2504 259 2636 320 313

187 412 420 496 legatos
447 408 524 473 de
551 428 705 491 pace
733 400 912 488 atque
943 402 1210 466 amicitia
1239 402 1471 463 mittere
1500 399 1580 461 ad
1629 397 2009 460 Domitium:
2055 420 2236 482 quum
2269 401 2383 465 hoc
2416 403 2549 486 ipso

186 499 458 560 crederet
500 515 636 555 eum
668 490 903 553 facilius
932 489 1131 571 decipi
1160 506 1355 571 posse.
1449 486 1534 546 At
1561 484 1772 546 contra
1801 503 1934 566 spes
1981 485 2148 567 pacis
2178 484 2452 550 Domitio
2481 489 2547 551 in

186 580 400 644 iisdem
442 578 654 640 castris
684 574 958 637 morandi
992 572 1187 635 attulit
1215 590 1507 633 caussam.
1594 567 1691 630 Ita
1717 567 2084 645 Pharnaces,
2115 572 2332 634 amissa
2363 594 2548 657 prox-

74 660 93 673 '
184 665 296 727 imi
340 662 629 746 temporis
675 659 1013 734 occasione,
1059 657 1299 732 verituS,
1331 676 1407 716 ne
1448 666 1957 735 cognoscerentur
1999 654 2254 732 insidiae,
2305 678 2444 718 suos
2486 658 2550 720 in

187 764 392 812 castra
438 746 766 810 revocavit.
851 741 1157 804 Domitius
1187 753 1428 823 postero
1455 738 1555 800 die
1583 738 1831 821 propius
1877 735 2228 822 Nicopolim
2279 744 2547 820 accessit,
2593 744 2634 804 5

189 848 220 879 ⁸
250 846 574 913 castraque
619 830 848 913 oppido
884 825 1152 889 contulit.
1233 822 1395 906 Quae
1442 823 1588 885 dum
1630 821 1907 884 muniunt
1947 824 2153 900 nostri,
2200 823 2550 889 Pharnaces

191 918 387 980 aciem
435 915 715 987 instruxit
760 934 868 974 suo
912 931 1079 972 more
1125 922 1303 991 atque
1350 908 1639 970 instituto.
1725 906 1800 969 In
1847 906 2041 970 fronte
2082 909 2262 987 enim,
2293 911 2552 994 simplici

193 1000 429 1064 directa
456 1001 605 1076 acie,
634 1018 862 1060 cornua
884 994 1052 1057 trinis
1080 994 1476 1056 firmabantur
1506 991 1803 1053 subsidiis,
1889 990 2125 1055 Eadem
2156 995 2388 1057 ratione
2418 997 2553 1059 haec
2615 1010 2622 1017 ‘

194 1087 399 1149 media
426 1084 878 1147 collocabantur
906 1079 1055 1156 acie,
1086 1079 1323 1142 duobus
1352 1076 1570 1139 dextra
1615 1077 1970 1158 sinistraque
2016 1078 2363 1157 intervalliS,
2413 1082 2552 1142 sim-

192 1170 451 1254 plicibus
480 1167 789 1230 ordinibus
818 1165 1140 1237 instructis.
1224 1160 1488 1225 Perfecit
1517 1162 1845 1245 iucoeptum
1875 1175 2206 1225 castrorum
2240 1186 2390 1248 opus
2419 1164 2638 1231 Do·10

194 1254 416 1333 mitius,
484 1268 610 1314 arte
633 1273 709 1313 co
753 1251 944 1312 iarum
970 1269 1086 1332 pro
1114 1248 1278 1309 vallo
1308 1245 1616 1311 instructa.

280 1336 407 1401 XX
474 1335 654 1399 VIII.
684 1272 985 1397 lyroxima
1006 1346 1184 1396 nocte
1205 1329 1576 1407 Pharnaces,
1603 1330 1943 1415 interceptis
1972 1331 2317 1411 tabellariis,
2389 1335 2451 1396 ui
2480 1337 2558 1398 de

188 1422 626 1486 Alexandrinis
672 1421 851 1482 rebus
900 1419 1127 1481 litteras
1151 1418 1247 1479 'ad
1294 1415 1634 1478 Domitium
1664 1417 1950 1501 serebant,
1981 1420 2296 1501 cognoscit
2403 1442 2556 1483 aesa-

192 1530 320 1571 rem
353 1528 582 1590 magno
612 1506 673 1568 in
703 1503 973 1589 periculo
1013 1501 1259 1580 versari,
1308 1502 1690 1585 flagitarique
1719 1501 1758 1564 a
1790 1500 2088 1580 Domitio,
2136 1516 2202 1565 ut
2246 1507 2557 1590 quampri-

192 1615 361 1656 mum
393 1593 507 1653 sibi
536 1588 803 1652 subsidia
833 1589 1106 1664 mitteret,
1137 1586 1502 1671 propiusque
1551 1587 1675 1669 ipse
1702 1586 2141 1650 Alexandriam
2174 1610 2280 1672 per
2310 1589 2643 1673 Syriaml5

196 1678 530 1739 accederet.
619 1673 763 1756 Qua
788 1674 1039 1754 cognita
1066 1694 1150 1748 re,
1180 1670 1529 1733 Pharnaces
1560 1670 1831 1733 victoriae
1878 1671 2016 1732 loco
2047 1673 2324 1751 ducebat,
2356 1676 2405 1735 si
2434 1690 2557 1738 tra-

196 1763 342 1824 here
391 1774 624 1843 tempus
668 1771 903 1841 posset:
961 1778 1147 1838 quum
1190 1754 1618 1817 discedendum
1667 1755 1935 1817 celeriter
1985 1754 2263 1819 Domitio
2305 1773 2558 1842 putaret.

198 1845 419 1926 Itaque
449 1845 527 1905 ab
557 1843 805 1926 oppido,
854 1841 975 1923 qua
1016 1840 1367 1902 facillimum
1413 1859 1717 1900 accessum
1749 1852 1809 1901 et
1838 1840 2245 1921 oequissimum
2277 1844 2355 1905 ad
2384 1844 2561 1905 dimi-

200 1930 467 1992 candum
493 1928 709 1989 nostris
737 1926 1000 2002 videbat,
1030 1924 1219 1987 fossas
1251 1945 1323 1986 11.
1355 1924 1633 2000 directa8‚
1655 1946 1777 1986 non
1801 1924 1885 1986 ita
1908 1946 2137 2006 magno
2160 1929 2359 1989 medio
2383 1929 2564 1990 inter·
2673 1954 2685 1965 ·

200 2013 370 2075 vallo
401 2012 630 2088 relicte,
662 2033 748 2073 lv.
780 2010 998 2094 pedum
1029 2009 1358 2073 altitudinis
1387 2009 1448 2070 in
1479 2028 1617 2070 eum
1648 2009 1847 2071 locum
1878 2009 2148 2088 deduxit,
2175 2033 2296 2093 quo
2320 2010 2648 2094 longiusffl)

204 2098 613 2161 constituerat.
637 2117 803 2157 suam
833 2116 956 2158 non
987 2095 1319 2179 producere
1347 2094 1557 2155 aciem.
1644 2092 1807 2155 Inter
1839 2094 1946 2156 bas
1975 2094 2161 2157 fossas
2192 2097 2381 2159 aciem
2414 2094 2566 2159 sem*-

202 2203 314 2267 per
358 2182 722 2243 instruebat:
764 2180 1096 2263 equitatum
1144 2192 1338 2241 autem
1383 2179 1461 2240 ab
1509 2178 1793 2240 lateribus
1841 2199 2077 2241 omnem
2127 2195 2300 2243 extra
2344 2183 2565 2245 fossam

202 2267 574 2335 collocabat:
627 2266 731 2348 qui
761 2286 955 2347 neque
983 2265 1156 2327 aliter
1183 2262 1343 2325 utilis
1364 2282 1492 2325 esse
1521 2276 1775 2347 poterat,
1806 2277 1865 2326 et
1893 2264 2144 2326 multum
2178 2288 2426 2329 numero
2457 2290 2566 2330 an-

202 2353 392 2414 teibat
420 2364 687 2412 nostrum
717 2350 1067 2432 equitatum.
1697 2374 1708 2387 ·
1845 2370 1854 2378 ·

288 2433 601 2498 XXXIX.
654 2434 963 2497 Domitius
1000 2447 1217 2511 autem,
1261 2454 1445 2518 quum
1490 2433 1759 2496 Caesaris
1807 2436 2002 2517 magis
2045 2437 2335 2520 periculo,
2382 2440 2648 2521 quam25

205 2544 337 2598 suo,
368 2535 885 2598 commoveretur3
938 2541 1131 2603 neque
1160 2541 1222 2582 se
1251 2519 1379 2582 tuto
1410 2520 1803 2583 discessurum
1838 2521 2245 2599 arbitraretur,
2277 2525 2325 2586 si
2356 2525 2566 2588 condi-

205 2608 418 2684 tiones,
449 2627 599 2689 quas
622 2610 927 2688 rejecerat,
960 2626 1160 2667 rursus
1192 2617 1516 2688 appeteret,
1550 2619 1653 2668 aut
1682 2605 1808 2668 sine
1838 2608 2053 2669 caussa
2079 2608 2446 2688 discederet3
2488 2631 2567 2672 ex

203 2692 560 2776 propinquis
589 2691 797 2753 castris
815 2691 877 2753 iu
908 2691 1097 2753 aciem
1128 2691 1455 2753 exercitum
1480 2691 1718 2759 eduxit:
1765 2712 1968 2754 xxxvl.
1996 2691 2294 2773 legionem
2329 2694 2389 2756 in
2420 2695 2570 2757 dex-

202 2789 299 2837 tro
329 2798 517 2839 cornu
547 2776 908 2853 collocavit:
952 2773 1271 2837 Ponticam
1302 2774 1365 2836 in
1413 2771 1654 2838 sinistro
1671 2798 1689 2855 3
1732 2774 2012 2839 Deiotari
2054 2778 2322 2860 leg-iones
2352 2779 2413 2841 in
2443 2801 2569 2841 me-

204 2861 369 2923 diam
400 2860 591 2923 aciem
614 2860 885 2937 contulit‚
911 2860 1126 2943 quibus
1150 2873 1349 2922 tamen
1376 2862 1859 2941 angustissimum
1886 2860 2098 2923 frontis
2123 2861 2363 2944 reliquit
2386 2864 2653 2928 inter-30

202 2944 451 3023 vallum,
482 2946 725 3029 reliquis
770 2946 1118 3009 cohortibus
1145 2945 1211 3006 in
1239 2944 1519 3007 subsidiis
1556 2944 1888 3008 collocatiS.
1976 2945 2081 3008 Sic
2111 2948 2408 3029 utrimque
2437 2949 2568 3011 acie

204 3029 514 3107 instructa,
544 3051 889 3114 processum
917 3044 1007 3092 est
1035 3030 1115 3091 ad
1145 3028 1576 3091 dimicandum.

293 3112 436 3177 XL.
487 3114 685 3197 Signo
714 3117 823 3177 sub
853 3115 1011 3177 idem
1042 3129 1274 3197 tempus
1303 3114 1382 3175 ab
1414 3126 1670 3196 utroque
1698 3114 1862 3190 dato,
1894 3113 2308 3176 concurritur:
2353 3117 2571 3179 acriter

204 3199 497 3282 varieque
520 3213 842 3283 pugnatur.
927 3198 1091 3261 Nam
1140 3219 1353 3261 xxxvi.
1383 3198 1547 3281 legio
1588 3219 1771 3282 quum
1801 3213 1972 3262 extra
1999 3199 2218 3261 fossam
2249 3200 2311 3262 in
2341 3201 2571 3283 equita-

206 3297 333 3346 tum
366 3285 525 3366 regis
554 3286 842 3367 impetum
867 3285 1116 3363 fecisset,
1147 3283 1301 3346 adeo
1326 3284 1653 3346 secundum
1685 3283 1965 3368 proelium
1997 3283 2153 3360 fecit,
2179 3297 2245 3346 ut
2273 3286 2651 3364 moenibus35

206 3370 417 3452 oppidi
465 3370 826 3445 succederet,
856 3370 1194 3452 fossamque
1218 3369 1517 3445 transiret,
1549 3369 1951 3452 adversosque
1981 3370 2177 3431 hostes
2207 3372 2570 3452 aggredere-

205 3467 323 3515 tur.
408 3455 494 3517 At
540 3453 800 3517 Pontica
828 3475 906 3517 ex
935 3454 1123 3517 altera
1152 3467 1322 3537 parte
1350 3452 1531 3535 legio,
1564 3476 1748 3537 quum
1780 3454 2111 3538 paullulum
2144 3476 2356 3518 aversa
2386 3457 2572 3520 hosti-

209 3539 320 3600 bus
348 3541 635 3618 cessisset,
682 3540 903 3603 fossam
935 3552 1135 3602 autem
1183 3539 1436 3603 circuire
1486 3536 1709 3627 [acies]
1757 3539 2022 3602 secunde>
2054 3554 2273 3604 conata
2302 3555 2472 3619 esset,
2503 3556 2573 3605 ut

209 3636 418 3706 aperto
448 3624 631 3687 latere
678 3648 714 3687 a
834 3625 1108 3687 ederetur
1135 3625 1386 3700 hostem,
1433 3622 1495 3686 in
1525 3624 1662 3708 ipso
1708 3625 1960 3687 transitu
2002 3624 2179 3688 fossae
2225 3626 2473 3689 confixa
2512 3640 2571 3689 et

209 3728 493 3806 oppressa
520 3724 627 3772 est.
780 3710 993 3773 eiotari
1023 3709 1166 3772 vero
1195 3709 1465 3791 leg-iones
1492 3709 1600 3772 vix
1630 3710 1918 3794 impetum
1966 3710 2386 3772 sustinuerunt.
2473 3709 2654 3773 Ita4o

208 3793 480 3856 victrices
510 3816 573 3858 re
620 3794 669 3856 ‘s
697 3795 894 3879 copiae
923 3816 1114 3857 cornu
1143 3815 1254 3856 suo
1282 3795 1519 3871 dextro,
1551 3794 1866 3876 mediaque
1902 3796 2030 3856 acie
2059 3809 2481 3858 converterunt
2509 3817 2571 3858 se

209 3876 286 3938 ad
334 3899 540 3942 xxxvr.
612 3879 928 3963 egionem:
974 3902 1114 3963 quae
1162 3878 1637 3943 tamen-sortiter
1662 3879 2029 3941 vincentium
2061 3880 2349 3964 impetum
2397 3881 2573 3944 susti-

207 3962 378 4041 nuit:
420 3965 660 4047 magnis
702 3966 893 4050 copiis
937 3966 1195 4029 hostium
1244 3964 1638 4039 circumdata,
1687 3964 2151 4047 praesentissimo
2182 3966 2396 4028 animo
2416 3987 2573 4050 pug-

208 4068 356 4109 nans
387 4048 446 4111 in
478 4051 685 4113 orbem
716 4071 778 4113 se
801 4045 1027 4135 recepit
1054 4052 1134 4112 ad
1164 4051 1398 4113 radices
1428 4049 1752 4111 montium:
1796 4049 1917 4131 quo
1942 4046 2293 4112 Pharnaces
2318 4050 2569 4132 insequi,

207 4147 450 4216 propter
474 4133 844 4217 iniquitatem
868 4135 1008 4213 loci,
1028 4135 1263 4198 noluit.·
1311 4132 1427 4211 Ita,
1452 4130 1715 4196 Pontica
1735 4133 1976 4216 legione
1997 4135 2156 4218 pene
2182 4134 2309 4197 totfi
2331 4135 2653 4212 amisssAs

208 4219 431 4299 magna
460 4233 629 4302 parte
658 4218 937 4283 Deiotari
966 4219 1220 4282 militum
1251 4219 1581 4295 interfecta,
1613 4239 1822 4282 xxxvr.
1855 4217 2017 4301 legio
2045 4217 2276 4281 in·loca
2305 4240 2367 4281 se
2397 4240 2572 4302 supe-

206 4301 365 4364 riora
411 4304 684 4382 contulit,
733 4325 856 4368 non
887 4304 1146 4390 amplius
1194 4326 1337 4368 cot..
1370 4303 1739 4367 desideratis.
1827 4301 2199 4368 Ceciderunt
2238 4320 2313 4367 eo
2353 4303 2572 4388 proelio

1017 4481 1049 4514 a
1070 4468 1133 4516 Ee
1152 4473 1300 4517 sadra
1318 4469 1516 4515 maana
1534 4471 1643 4515 ante
1663 4467 1836 4515 urbem.

261 4592 339 4639 43.
378 4592 610 4654 Pugnan:
637 4592 691 4642 in
712 4593 864 4642 orbem
883 4609 928 4642 ει
956 4594 1163 4657 παρίω
1211 4595 1507 4644 Facutatum
1527 4596 1622 4645 hoc
1641 4603 1731 4653 est,
1750 4601 1808 4643 ut
1825 4605 1977 4654 upra
2003 4592 2230 4651 dixin-2
2249 4594 2314 4645 ab
2331 4593 2391 4652 iis
2421 4593 2501 4654 qui
2524 4601 2657 4650 susu-

202 4668 315 4701 nere
331 4668 427 4701 vim
450 4654 674 4716 hostium,
696 4671 793 4704 non
818 4656 1046 4717 impetum
1069 4659 1229 4707 facere
1248 4657 1491 4706 volebant.
