3059 5050
399 259 518 318 180

476 404 639 465 urbs.

1223 248 1349 316 DE
1393 252 1699 318 BELLO
1744 252 2022 320 CIVILI

712 400 814 462 Ad
830 400 935 482 jus
963 399 1344 462 comitiorum
1371 402 1643 463 tribunos
1662 401 1749 485 pl.
1772 400 1851 464 C.
1878 401 2073 465 Curio
2102 415 2331 466 evocat.
2406 404 2636 468 Omnes
2666 408 2849 470 amici

479 484 815 562 consulum,
847 485 1164 546 necessarii
1192 484 1495 569 Pompeii,
1528 500 1706 569 atque
1727 507 1936 548 eorum
1962 488 2066 569 qui
2090 502 2313 551 veteres
2339 489 2680 553 inimicitias
2705 514 2850 554 cum

481 569 733 632 Caesare
761 570 1073 651 gerebant,
1106 583 1408 651 coguntur
1436 570 1498 632 in
1529 584 1841 649 senatum3
1885 593 2139 653 quorum
2185 575 2433 636 vocibus
2463 588 2521 636 et
2548 597 2853 639 concursu

479 668 774 717 terrentur
802 653 1182 731 infirmiores,
1207 655 1375 717 dubii
1399 657 1853 732 confirmantur,
1922 658 2178 740 lerisque
2198 658 2342 720 vero
2372 660 2559 721 libere
2582 674 2853 743 potestas

396 745 436 801 5
480 739 838 802 decernendi
861 739 947 801 eri
992 739 1128 801 itur.
1196 738 1529 802 Pollicetur
1558 740 1634 804 L.
1666 739 1816 802 Piso

479 846 635 902 rem3
681 825 820 886 item
851 823 930 886 L.

479 993 783 1057 nonnullis
814 994 1144 1071 sententiae,
1189 1007 1256 1055 ut
1283 995 1467 1076 legati
1497 996 1579 1057 ad

1905 763 2101 820 ensor,
2133 764 2259 805 sese
2286 745 2505 805 iturum
2537 745 2615 807 ad
2633 745 2855 808 Caesa-

1067 824 1223 886 scius
1267 838 1512 907 proetor,
1558 825 1661 907 qui
1708 827 1785 887 de
1820 827 1913 887 his
1961 829 2139 889 rebus
2179 848 2317 890 eum
2358 829 2634 891 doceant.
2721 830 2857 893 Sex

478 910 606 971 dies
637 909 715 971 ad
751 930 883 971 earn
931 930 1055 971 rem
1103 907 1543 972 conficiendam
1596 910 1773 1057 sgatii
1822 911 2147 994 postulant.
2239 912 2545 976 Dicuntur
2588 914 2768 976 etiam
2816 917 2856 977 a

1668 1016 1919 1058 aesarem
1972 997 2302 1075 mittantur,
2350 999 2451 1080 qui
2481 998 2851 1062 voluntatem

479 1078 720 1141 senatus
748 1079 804 1140 ei
824 1093 1188 1163 proponant.
1263 1078 1565 1141 Omnibus
1596 1080 1688 1142 his
1717 1076 2025 1159 resistitur,
2050 1084 2450 1165 omnibusque
2480 1083 2675 1146 oratio
2702 1105 2852 1147 con·

402 1164 641 1240 lOsulis,
669 1163 997 1247 ScipioniS,
1030 1162 1288 1239 Catonis
1318 1166 1664 1248 opponitur.

560 1248 673 1312 IV.
722 1248 1024 1311 Catonem
1053 1263 1282 1311 veteres
1312 1249 1647 1313 inimicitioe
1678 1249 1946 1314 Caesaris
1974 1250 2245 1330 incitant,
2276 1266 2339 1315 et
2365 1252 2545 1315 dolor
2574 1253 2851 1337 repulsae.

478 1333 776 1398 Lentulus
807 1334 945 1396 aeris
976 1334 1155 1395 alieni
1185 1335 1624 1415 magnitudine,
1645 1349 1706 1398 et
1733 1357 1839 1420 spe
1867 1337 2163 1400 exercitiis
2188 1358 2260 1399 ac
2290 1338 2763 1421 provinciarum,
2794 1353 2856 1401 et

477 1441 688 1502 regum
720 1418 1220 1503 appellandorum
1252 1420 1677 1501 largitionibus
1702 1435 2006 1483 movetur:

2052 1442 2232 1505 seque
2266 1423 2516 1485 alterum
2549 1423 2677 1484 fore
2709 1423 2855 1508 Syl-

475 1505 618 1582 lam,
650 1505 804 1566 inter
833 1525 972 1566 suos
1002 1502 1316 1585 gloriatur,
1343 1505 1422 1567 ad
1452 1526 1631 1589 quem
1656 1526 1892 1568 summa
1919 1506 2156 1589 imperii
2186 1508 2410 1570 redeat.
2502 1507 2853 1591 Scipionem

399 1591 689 1653 l5eadem
720 1611 853 1673 spes
883 1588 1216 1673 provincia:
1246 1576 1428 1671 atqiie
1456 1590 1828 1652 exercituum
1860 1591 2130 1675 impellit,
2178 1613 2332 1675 quos
2362 1615 2425 1655 se
2453 1614 2567 1677 pro
2597 1594 2857 1655 necessi-

479 1676 685 1737 tudine
716 1675 1074 1758 partiturum
1105 1694 1243 1737 cum
1269 1673 1574 1759 Pompeio
1604 1676 1960 1738 arbitratur:
2006 1672 2181 1739 simul
2216 1677 2595 1760 judiciorum
2639 1692 2853 1757 metuS,

476 1760 747 1823 adulatio
779 1774 959 1843 atque
989 1759 1310 1823 ostentatio
1336 1760 1427 1823 sui
1452 1761 1809 1845 potentium,
1835 1761 2028 1845 quiin
2050 1762 2294 1846 republ:
2326 1763 2695 1847 judiciisque
2724 1778 2854 1826 tum

448 1934 493 1978 5.
519 1932 570 1980 L.
587 1931 698 1980 Piso
726 1930 934 1992 emon]
990 1931 1044 1978 L.
1065 1932 1178 1980 Piso
1198 1947 1336 1980 socer
1356 1942 1460 1979 erat
1484 1932 1588 1979 Ca:-

388 1996 507 2041 saris
539 1995 799 2055 consulque
822 2002 932 2041 octo
955 2004 1067 2041 ante
1101 2010 1253 2041 annos
1286 1995 1442 2042 suerat
1478 2010 1588 2041 cum

388 2059 445 2103 A.
468 2056 691 2113 Gabinio,
716 2068 766 2102 ut
797 2064 1000 2104 testatur
1037 2058 1138 2115 ipse
1174 2058 1338 2103 Coesar
1369 2059 1448 2104 lib.
1471 2072 1504 2103 i.
1526 2058 1587 2102 de

385 2121 513 2167 bello
551 2119 754 2165 Gallico.
818 2118 954 2164 Tunc
991 2127 1151 2165 autem
1188 2134 1441 2165 censuram
1477 2134 1587 2164 cum

385 2182 542 2241 Appio
561 2181 780 2236 Claudio,
861 2182 1011 2227 rebat.
1056 2181 1292 2227 Censores
1307 2182 1432 2226 enim
1449 2189 1589 2227 erant

385 2246 481 2289 duo
503 2244 571 2289 sic
593 2242 727 2297 dicti,
748 2258 778 2300 q
895 2243 1059 2288 censui
1082 2251 1358 2300 praeessent,
1381 2244 1472 2289 hoc
1495 2253 1587 2299 est,

385 2304 688 2351 :estimationi
741 2307 974 2350 bonorum
1017 2304 1193 2357 civium
1241 2304 1587 2362 Romanorum,

383 2368 503 2425 reip.
525 2366 688 2412 Romae
706 2374 902 2425 propter
924 2366 1186 2425 disciplina:
1203 2368 1587 2415 observationem

381 2428 626 2489 perutiles,
664 2429 800 2490 cujus
838 2428 1100 2489 disciplina:
1138 2443 1305 2476 severa
1335 2445 1453 2476 cura
1495 2431 1586 2477 illis

382 2492 508 2538 inter
538 2500 728 2548 caetera,
751 2492 854 2539 sine
885 2492 1228 2551 provocatione
1265 2502 1369 2540 erat
1392 2494 1586 2541 tradita.

381 2554 467 2603 Ille
485 2555 585 2613 ipse
607 2563 680 2601 est
701 2564 870 2601 contra
887 2569 1029 2614 quem
1051 2565 1184 2602 extat
1207 2555 1453 2603 Ciceronis
1476 2572 1584 2603 ora·

380 2619 466 2674 tio,
488 2617 625 2690 cujus
647 2618 794 2663 filiam
816 2632 1017 2663 uxorem
1048 2620 1252 2664 duxerat
1285 2619 1449 2666 Caisar
1480 2634 1585 2666 suc-

380 2694 558 2727 cessuri
582 2680 670 2726 sibi
705 2680 753 2725 in
785 2681 1053 2736 consulatu,
1086 2688 1138 2725 ut
1174 2681 1381 2727 consulis
1416 2682 1586 2739 opibus

382 2744 750 2789 convalesceret.
804 2742 1005 2789 Videtur
1021 2751 1182 2789 tamen
1201 2742 1404 2789 Caesaris
1422 2745 1587 2806 generi

380 2806 629 2851 consilium
653 2805 963 2863 improbasse,
985 2806 1048 2851 ad
1069 2820 1208 2864 quem
1228 2819 1278 2851 se
1296 2806 1469 2852 iturum
1485 2806 1588 2865 pol·

380 2869 628 2914 licebatur.
694 2867 772 2913 Sic
809 2867 934 2914 enim
970 2869 1032 2914 de
1067 2867 1172 2926 ipso
1209 2868 1382 2914 Cicero
1419 2869 1498 2915 lib.
1521 2871 1584 2915 ad

379 2931 523 2982 Attio.
561 2930 696 2988 epist.
738 2932 807 2977 15.
870 2931 988 2977 Amo
1023 2929 1253 2984 Pisonem
1290 2929 1425 2994 cujus
1448 2930 1585 2995 judi-

379 2993 502 3040 cium
523 2991 578 3039 de
633 3007 768 3041 enero
788 2992 992 3055 πατρίων
1010 2992 1161 3040 visum
1183 2992 1246 3039 im·
1273 3008 1432 3054 grave.

439 3058 482 3102 6.
509 3056 563 3103 L.
640 3055 786 3104 ossius
815 3056 1026 3118 pretor]
1091 3055 1294 3103 Roscius
1327 3057 1365 3103 is
1398 3065 1471 3103 est
1502 3056 1584 3117 qui

379 3134 508 3165 anno
540 3119 595 3165 U.
622 3119 678 3166 C.
714 3133 1002 3167 nczxxxvu.
1039 3118 1254 3165 tribunus
1289 3119 1442 3177 plebis
1477 3119 1583 3176 fuit,

379 3196 525 3240 seque
581 3182 703 3227 Aulo
742 3182 949 3228 Gabinio
986 3182 1224 3240 opposuit.
1288 3182 1445 3228 Isdem
1479 3197 1584 3228 esse

377 3245 583 3299 videtur,
615 3245 697 3302 qui
729 3244 809 3290 lib.
835 3257 880 3290 v.
902 3245 961 3289 de
999 3244 1125 3291 bello
1162 3243 1347 3290 Gallico
1380 3244 1585 3290 Caesaris

377 3315 483 3352 crat
505 3307 709 3365 legatus,
731 3306 811 3364 qui
844 3305 892 3350 in
917 3306 1096 3352 Essuos
1120 3306 1313 3353 tertiam
1348 3306 1584 3380 legionem

378 3369 648 3413 ducendam
685 3367 831 3413 dedit.
897 3367 1018 3427 Ejus
1056 3368 1200 3414 etiam
1239 3369 1461 3425 nominis,
1500 3371 1586 3415 sed

378 3429 500 3475 alius
523 3431 586 3475 ab
609 3430 699 3474 hoc
723 3429 812 3474 suit
835 3430 1034 3489 insignis
1073 3430 1347 3488 Comoedus,
1370 3443 1459 3488 pro
1490 3446 1586 3491 quo

379 3499 511 3538 extat
536 3490 782 3537 Ciceronis
803 3490 975 3547 oratio,
997 3506 1138 3552 quem
1162 3492 1319 3538 Valet.
1343 3493 1586 3540 Maximus

379 3553 605 3612 appellat,
631 3553 829 3601 scenica:
851 3553 1090 3601 industrios
1113 3554 1400 3602 notissimum
1431 3569 1585 3602 exem·

371 3616 526 3679 plum,
560 3613 642 3678 qui
677 3614 862 3662 nauum
904 3629 1111 3689 utiquam
1143 3616 1368 3678 spectanti
1409 3617 1588 3679 populo

375 3684 572 3740 gestum,
601 3677 691 3725 nisi
712 3691 848 3740 quem
870 3675 994 3726 dorm
1015 3678 1262 3727 meditatus
1282 3678 1468 3742 suerat,
1500 3694 1587 3742 po·

378 3756 486 3789 nere
508 3754 648 3788 στι-τω
667 3745 744 3788 est.

447 3806 518 3851 11.
542 3805 762 3851 Catonem
783 3807 952 3851 veteres
971 3802 1228 3852 inimieieiae
1257 3804 1451 3852 Coesaris
1471 3803 1587 3852 inci·

377 3867 514 3929 tant]
572 3868 726 3914 Erant
748 3866 838 3913 illae
860 3867 1050 3925 quidem
1073 3867 1365 3926 gravissimu
1399 3875 1586 3914 veteres

380 3930 652 3985 inimicitiae,
692 3945 810 3990 quas
834 3929 959 3976 Cato
974 3929 1080 3989 jam
1102 3943 1211 3975 cum
1234 3929 1427 3975 Caesare
1449 3945 1585 3976 exer-

379 4001 562 4050 cuerat,
585 4002 634 4040 et
654 4007 774 4052 quas
797 3992 898 4050 ipse
922 3993 1087 4038 Coesar
1113 4006 1221 4038 cum
1244 3990 1324 4037 illo
1346 3999 1583 4053 gesserat:

379 4070 584 4115 quarum
614 4056 808 4113 quidem
844 4054 1031 4100 initium
1070 4055 1216 4101 fuisse
1252 4055 1455 4112 videtur,
1477 4053 1584 4101 cum

381 4119 430 4164 in
454 4125 624 4164 senatu
645 4119 706 4163 de
729 4116 918 4164 Lentuli
941 4125 989 4163 et
1006 4116 1210 4178 Cethegi
1233 4117 1470 4164 sociorum
1489 4118 1585 4164 Ca·

379 4180 523 4226 tilinae
555 4179 787 4238 supplicio
821 4179 1183 4242 deliberaretur,
1207 4179 1487 4239 mitioreque
1524 4183 1586 4227 de

381 4242 471 4289 illis
488 4242 517 4290 a
533 4243 725 4289 Caesare
747 4242 880 4289 dicta
900 4241 1155 4299 sententia,
1173 4243 1299 4288 Cato
1315 4242 1587 4303 graviorem

383 4305 482 4361 ipse
504 4306 639 4362 dixit,
664 4305 1000 4365 Caesaremque
1020 4305 1178 4351 verbis
1195 4306 1243 4351 in
1267 4305 1586 4364 suspicionem

380 4369 581 4423 vocavit,
605 4368 740 4427 quasi
761 4366 1105 4428 conjurationis
1141 4367 1261 4414 illius
1290 4367 1416 4414 clam
1438 4368 1587 4427 parti·

379 4442 492 4485 ceps
523 4431 687 4477 suisset
767 4432 929 4477 Aucta:
968 4439 1079 4477 sunt
1108 4429 1381 4487 inimicitiae,
1416 4429 1522 4478 cum
1555 4445 1587 4477 a

383 4489 573 4537 Caesare
595 4493 789 4540 consule
813 4494 937 4541 Cato
954 4495 1124 4540 ductus
1154 4501 1224 4539 est
1249 4493 1298 4539 in
1321 4508 1583 4548 carcerem,

381 4552 466 4594 sed
486 4566 582 4596 non
606 4557 878 4612 perductus,
899 4564 949 4602 et
971 4556 1144 4602 deinde
1166 4554 1195 4602 ὲ
1216 4555 1455 4602 Trebonio
1479 4556 1583 4602 Ca:-

380 4611 502 4682 saris
544 4613 712 4682 amico.
791 4619 1000 4665 Gravem
1044 4618 1158 4663 item
1202 4618 1458 4675 repulsam,
1495 4620 1581 4665 sed

381 4685 646 4730 aequissimo
689 4676 849 4723 animo
886 4687 934 4725 et
971 4678 1272 4738 negligenter
1313 4679 1432 4735 tulit,
1470 4693 1581 4728 cum

1652 1933 1858 1981 Cesar-is
1879 1933 2186 1994 Pompeiique
2206 1947 2357 1993 opera
2374 1934 2624 1981 considam
2638 1933 2857 1995 dejectus

1650 2004 1739 2054 est,
1756 2003 1808 2042 ut
1824 1999 1968 2042 refert
1990 1996 2103 2042 Dio:
2138 1996 2251 2043 item
2267 2011 2375 2042 cum
2393 1996 2630 2057 suffragiis
2649 1996 2857 2055 pecuniifi

1649 2059 1903 2117 corruptis,
1926 2067 2101 2117 pretor
2127 2066 2203 2105 est
2236 2066 2425 2106 creatus
2458 2073 2547 2117 pro
2582 2058 2685 2118 ipso
2720 2059 2855 2107 Vati·

1651 2121 1771 2165 nius.
1850 2118 1949 2167 sed
1990 2121 2094 2167 solo
2130 2120 2329 2179 reipubl.
2371 2136 2535 2168 amore
2578 2131 2737 2169 actum
2781 2133 2857 2169 est

1651 2181 1875 2241 quicquid
1912 2180 1940 2229 ὲ
1978 2182 2166 2229 Catone
2197 2190 2358 2230 actum
2392 2192 2481 2241 est,
2516 2198 2611 2244 quo
2642 2184 2859 2231 sanctior

1650 2244 1804 2289 nullus
1837 2245 1885 2290 in
1908 2259 2009 2303 rep.
2033 2245 2134 2292 suit.
2198 2243 2301 2299 Qus
2333 2246 2394 2292 de
2425 2246 2570 2293 causa
2592 2247 2739 2292 etiam
2764 2262 2856 2293 nec

1650 2307 1753 2352 sine
1781 2306 2102 2367 jurejurando
2144 2310 2458 2355 denunciant
2490 2310 2765 2356 delaturum
2803 2324 2857 2357 se

1648 2380 1822 2415 nomeu
1848 2369 2071 2425 Caesaris,
2104 2370 2242 2416 simul
2272 2385 2331 2417 ac
2361 2369 2565 2429 primum
2588 2364 2858 2418 exercitum

1649 2432 1921 2488 dimisisset,
1944 2442 2111 2480 autore
2136 2433 2265 2479 Suet.

1715 2495 1786 2541 13.
1806 2494 1871 2541 Re
1939 2509 1985 2543 m
2006 2495 2389 2558 appellandorum
2412 2494 2741 2559 largitionibus
2758 2510 2861 2544 ato·

1646 2558 1814 2619 vetur-J
1909 2565 1927 2604 t
1950 2558 2144 2606 Coesare
2160 2560 2355 2605 consule
2375 2559 2637 2612 Arioyistus
2654 2561 2857 2607 Germa·

1648 2635 1819 2666 norum
1840 2635 1944 2679 rex,
1967 2621 2146 2668 amicus
2167 2636 2278 2681 pop.
2302 2621 2442 2668 Rom.
2465 2621 2734 2680 appellatus
2752 2624 2857 2669 fue·

1649 2691 1739 2730 rat.
1804 2683 2037 2744 Mag-nam
2070 2684 2198 2731 enim
2230 2685 2327 2730 vim
2364 2684 2576 2742 pecunia:
2615 2685 2680 2731 illi
2714 2700 2858 2746 reges

1649 2746 1827 2792 civibus
1850 2745 2079 2792 Romanis
2101 2745 2340 2804 primariis
2361 2749 2562 2803 dabant,
2599 2756 2652 2794 ut
2687 2748 2858 2794 amici·

1651 2808 1767 2855 tiam
1788 2808 1949 2866 populi
1968 2807 2104 2854 Rom.
2122 2808 2511 2866 adipiscerentur.

1710 2870 1777 2916 lb.
1817 2871 1961 2932 Seque
1992 2870 2191 2918 alterum
2209 2870 2319 2934 sore
2344 2871 2559 2933 Syllam]
2584 2871 2639 2918 L.
2669 2871 2858 2919 Corne-

1646 2932 1737 2979 lius
1777 2932 1911 2992 Sylla
1940 2933 2161 2980 Dictator
2198 2948 2355 2982 rerum
2379 2933 2553 2992 potitus
2576 2934 2737 2980 fuerat
2758 2935 2858 2981 Ro·

1648 3009 1755 3050 rnoe,
1778 2995 1971 3042 Coesare
2005 2997 2161 3042 adhuc
2184 2995 2502 3043 adolescente.
2564 2996 2857 3043 Plutarchus

1648 3057 1696 3104 in
1718 3057 1819 3104 vita
1840 3058 1999 3119 Syllae,
2021 3067 2068 3104 et
2091 3057 2337 3118 Appianas
2360 3058 2441 3105 lib.
2472 3074 2525 3106 ιι.
2547 3059 2763 3120 depellis
2786 3060 2857 3106 ci-

1646 3119 1832 3177 vilibus,
1847 3130 2048 3168 narrant
2053 3122 2198 3182 juxta
2218 3134 2381 3167 versus
2401 3121 2656 3183 Sibyllinos
2674 3122 2858 3183 magna

1647 3183 1878 3244 relig-ione
1894 3182 2059 3231 Roma:
2081 3190 2311 3239 servatos,
2331 3191 2429 3230 tres
2452 3198 2610 3230 rerum
2633 3184 2856 3231 dominos

1650 3246 1752 3291 sore
1784 3248 1844 3292 de
1875 3254 2020 3305 gente
2055 3244 2298 3303 Cornelia,
2329 3246 2536 3305 primum
2566 3246 2709 3293 fuisse
2732 3247 2854 3292 Cin-

1648 3319 1780 3364 nam,
1801 3308 2060 3354 secundum
2085 3308 2286 3369 Syllam,
2323 3308 2515 3355 tertium
2546 3324 2597 3356 se
2622 3310 2718 3355 sore
2741 3322 2855 3367 spe·

1649 3371 1804 3426 rabat,
1836 3369 1916 3429 qui
1939 3369 1967 3417 ὰ
1989 3369 2223 3417 Cicerone
2262 3370 2311 3416 in
2347 3383 2543 3418 carcere
2574 3371 2858 3419 interfectus

1648 3440 1738 3489 est,
1769 3432 2114 3493 conjurationis
2137 3432 2430 3480 Catilinaria:
2452 3434 2725 3481 convictus:
2759 3448 2859 3493 quo

1648 3503 1838 3541 mortuo
1860 3494 1899 3541 is
1921 3509 1972 3541 se
1989 3509 2098 3541 eum
2116 3495 2219 3542 sore
2234 3496 2439 3543 dicebat.

1718 3559 1789 3603 15.
1810 3556 2152 3605 Neoeesuudine
2170 3557 2493 3621 partiturum]
2518 3558 2630 3605 Huc
2646 3559 2858 3618 pertinet

1650 3622 1775 3679 quod
1818 3619 1897 3666 lib.
1941 3633 2016 3667 m.
2051 3621 2112 3666 de
2154 3620 2280 3666 bello
2322 3621 2446 3668 civili
2489 3622 2718 3680 scriptum
2762 3630 2857 3679 cst,

1652 3681 1952 3743 [Pompeius]
1976 3697 2112 3729 suum
2132 3696 2237 3730 cum
2262 3683 2472 3746 Scipione
2499 3683 2721 3731 honor-m
2741 3697 2856 3746 por—

1650 3744 1779 3801 titor,
1801 3744 2125 3808 cla-uicumque
2155 3744 2286 3807 opud
2304 3760 2409 3794 eum
2434 3745 2557 3803 carii,
2592 3750 2634 3793 et
2655 3746 2858 3793 ulter-uss

1648 3806 1725 3854 iun·
1745 3805 1883 3870 jubet
1969 3806 2179 3855 zetarium
2200 3806 2340 3855 tendi.

1716 3871 1789 3916 16.
1825 3869 1864 3916 J
1932 3869 1943 3880 ‘
1975 3868 1987 3880 ‘
2150 3870 2335 3931 metita]
2393 3868 2605 3929 Scipioni
2647 3870 2856 3918 ambitus

1647 3932 1858 3979 criminis
1905 3932 2007 3979 dies
2049 3931 2179 3979 dicta
2216 3934 2370 3980 fuerat
2405 3932 2435 3981 a
2471 3932 2703 3980 Memmio
2744 3933 2856 3994 lege

1648 3995 1879 4054 Pompeia
1911 3996 1973 4041 de
2008 3995 2188 4042 ambitu
2216 3995 2463 4055 damnato,
2496 3995 2611 4055 quia
2631 3995 2709 4044 lex
2733 3997 2853 4042 indi-

1647 4058 1778 4104 canti
1800 4057 2004 4104 alterum
2019 4057 2350 4116 impunitatem
2372 4065 2693 4105 concesserat.
2735 4058 2856 4104 Tes-

1647 4119 1707 4166 tis
1738 4120 1985 4179 Appianus
2005 4119 2085 4166 lib.
2119 4134 2172 4168 n.
2194 4121 2254 4167 de
2274 4120 2398 4168 bello
2428 4120 2572 4178 civili,
2602 4135 2693 4168 nec
2724 4120 2859 4170 solus

1649 4184 1892 4229 metuebat
1915 4181 2116 4243 judicia,
2151 4184 2234 4229 sed
2266 4190 2314 4229 et
2347 4183 2527 4240 Cesar,
2560 4196 2702 4243 quem
2725 4182 2863 4230 Cato

1649 4245 1951 4305 significabat
1972 4261 2024 4292 se
2046 4253 2378 4292 accusaturum
2408 4245 2544 4292 simul
2566 4246 2649 4292 ubi
2671 4246 2865 4293 exerci-

1650 4316 1750 4353 tum
1766 4307 2034 4355 dimisisset.
2097 4307 2234 4355 Unde
2257 4316 2452 4355 coactus
2477 4308 2644 4355 fuisset
2665 4308 2869 4356 adulari

1652 4368 1863 4427 Scipioni
1878 4378 1926 4416 et
1939 4369 2213 4430 potentibus
2230 4369 2351 4427 aliis,
2367 4371 2447 4429 qui
2469 4385 2605 4416 suam
2620 4370 2667 4417 ei
2684 4378 2867 4429 poten—

1648 4433 1766 4478 tiam
1787 4440 1837 4479 et
1856 4447 2053 4491 operam
2073 4439 2397 4479 ostentassent
2421 4435 2603 4480 seroces
2627 4441 2678 4480 et
2689 4432 2869 4493 jacta-

1648 4495 1809 4541 bundi

1645 4556 1776 4602 inum
1802 4555 2093 4619 judiciorum
2119 4562 2245 4606 metu
2263 4557 2541 4616 horrentem
2562 4562 2873 4620 trementem,

1643 4618 1909 4668 adulantem
1932 4619 2157 4668 omnibus.

1863 4495 1941 4542 Sic
1960 4494 2132 4542 Cicero
2153 4494 2204 4541 in
2220 4495 2442 4542 Pisonem
2465 4494 2582 4541 dicit
2603 4511 2657 4542 se
2677 4495 2873 4543 vidisse
2968 4525 2981 4532 —
