3059 5050
1212 295 1491 373 LIBER
1534 294 1651 367 111.
2583 308 2668 367 53

219 449 411 514 omnis
434 469 577 512 usus
604 446 850 511 navium
878 464 1005 508 uno
1032 457 1304 530 tempore
1330 447 1680 530 eriperetur.
1763 437 2096 526 Reliquum
2126 460 2256 510 erat
2282 460 2584 512 certamen

213 536 473 621 positum
501 534 564 595 in
586 534 807 594 virtute
831 553 850 610 3
894 530 1016 613 quii
1032 532 1218 591 nostri
1250 531 1464 592 milites
1493 530 1672 592 facile
1703 532 2108 613 superabant3
2154 545 2333 615 atque
2357 534 2429 596 eo
2456 556 2584 597 ma-

215 621 309 702 gis
339 619 507 702 quod
536 618 601 679 in
630 628 956 717 conspectu
988 613 1256 676 Caesaris
1301 628 1481 696 atque
1523 615 1720 676 omnis
1761 615 2059 677 exercitus
2101 638 2195 677 res
2243 620 2583 698 gerebatur,

213 717 279 765 nt
324 702 558 765 nullum
606 700 814 785 paullo
855 700 1068 763 fortius
1114 698 1336 761 factum
1370 699 1554 761 latere
1596 712 1833 781 possett
1878 720 2087 762 omnes
2126 701 2284 762 enim
2317 704 2499 765 colles
2528 718 2589 765 et

212 788 357 850 loca
400 787 730 870 superiora,
782 785 940 846 unde
984 796 1114 845 erat
1157 785 1533 867 propinquus
1562 784 1876 867 despectus
1901 784 1964 845 in
1993 805 2179 861 mare,
2206 786 2284 847 ab
2313 788 2585 851 exercitu
2630 791 2669 850 5

214 873 595 934 tenebantur.

301 954 446 1018 XV.
493 954 798 1036 Disjectis,
818 966 885 1014 nt
911 952 1195 1028 diximus,
1239 953 1534 1030 antennis,
1567 974 1752 1035 quum
1786 952 2054 1034 singulas
2075 953 2239 1015 binae
2270 967 2375 1016 aut
2397 966 2587 1020 ternoe

214 1060 398 1102 naves
422 1039 942 1114 circumsisterent,
968 1037 1183 1099 milites
1207 1036 1441 1099 summa
1475 1039 1537 1097 vi
1567 1040 1986 1099 transcendere
2027 1037 2090 1098 in
2116 1039 2373 1101 hostium
2403 1061 2588 1103 naves

212 1125 679 1187 contendebant.
757 1121 944 1204 Quod
972 1135 1293 1206 postquam
1324 1123 1569 1184 barbari
1599 1122 1728 1183 fieri
1760 1123 2325 1199 animadverterunt,
2351 1145 2588 1208 expug-

211 1211 370 1271 natis
394 1208 807 1291 compluribus
838 1207 1123 1288 navibus,
1169 1226 1351 1288 quum
1395 1207 1449 1266 ei
1475 1207 1562 1268 rei
1591 1206 1821 1291 nullum
1871 1206 2228 1288 reperiretur
2273 1210 2671 1287 auxilium,10

213 1294 366 1375 suga
414 1293 663 1354 salutem
715 1304 919 1375 petere
966 1291 1431 1352 contenderunt:
1494 1312 1567 1351 ac
1602 1292 1736 1372 jam
1767 1291 2069 1352 conversis
2099 1291 2161 1352 in
2191 1314 2322 1354 eam
2354 1308 2588 1378 partem

213 1379 493 1454 navibnS,
521 1377 641 1460 quo
672 1390 885 1438 ventus
909 1375 1157 1452 serebat,
1178 1387 1359 1453 ‚tanta
1395 1376 1594 1437 subito
1635 1375 1893 1437 malacia
1925 1396 1996 1437 ac
2037 1377 2439 1458 tranquillitas
2479 1400 2588 1442 ex-

212 1463 380 1537 stitit,
407 1476 474 1524 ut
500 1483 564 1524 se
586 1460 724 1523 loco
756 1481 999 1523 movere
1044 1480 1167 1522 non
1215 1474 1485 1542 possent:
1540 1482 1679 1542 quse
1727 1459 1967 1543 quidem
2014 1481 2105 1521 res
2152 1462 2230 1523 ad
2278 1464 2588 1544 negotium

214 1548 659 1609 conficiendum
680 1545 949 1607 maxime
978 1545 1091 1607 suit
1119 1558 1479 1628 opportuna.
1562 1544 1626 1606 N
1629 1566 1726 1606 am
1758 1545 2027 1626 singulas
2053 1547 2239 1607 nostri
2260 1549 2587 1611 consectati

215 1644 761 1715 expugnaverunt3
790 1642 858 1691 ut
898 1648 1221 1713 perpaucae
1251 1650 1329 1690 ex
1370 1631 1537 1693 omni
1584 1650 1856 1706 numer0,
1885 1631 2078 1691 noctis
2106 1631 2460 1709 interventu,
2509 1634 2672 1696 adls

212 1728 438 1778 terram
457 1715 858 1800 pervenerint,
883 1735 1069 1796 quum
1094 1715 1177 1775 ab
1192 1715 1346 1775 hora
1368 1714 1493 1777 fere
1520 1735 1608 1776 lv.
1628 1734 1820 1795 usque
1842 1715 1921 1776 ad
1941 1715 2082 1776 solis
2107 1736 2409 1793 occasum,
2432 1738 2591 1802 pug-

215 1814 486 1862 naretur.

306 1882 489 1945 XVI.
536 1883 680 1964 Quo
752 1882 929 1944 roelio
944 1880 1171 1943 bellum
1187 1880 1584 1959 Venetorum,
1608 1883 1908 1963 totiusque
1926 1903 2052 1945 oroe
2077 1885 2416 1962 maritimae,
2445 1908 2592 1949 con-

218 1968 447 2029 fectum
478 1980 583 2029 est.
661 1904 826 2028 heim
852 1987 1036 2048 quum
1068 1966 1262 2027 omnis
1279 1966 1587 2046 juventuS,
1620 1988 1827 2028 omnes
1851 1967 2029 2029 etiam
2057 1969 2352 2049 gravioris
2378 1972 2591 2049 aetatis,

214 2052 287 2114 in
319 2052 537 2134 quibus
565 2050 794 2133 aliquid
842 2051 1077 2112 consilii
1102 2064 1207 2112 aut
1233 2051 1546 2131 dignitatis
1575 2050 1706 2126 suit,
1736 2051 1810 2112 εὸ
1841 2068 2283 2130 convenerant3
2327 2066 2452 2115 tum
2485 2059 2677 2118 na·20

214 2136 386 2198 vium
412 2137 577 2218 qnod
602 2137 827 2217 ubique
873 2134 1084 2211 suerat,
1120 2156 1305 2196 unum
1337 2134 1397 2195 in
1448 2134 1646 2196 locum
1679 2138 2048 2216 coegerant:
2093 2136 2309 2219 quibus
2340 2139 2590 2217 amissis,

215 2220 435 2303 reliqui
459 2240 654 2302 neque
683 2218 805 2302 quo
836 2240 898 2280 se
927 2220 1278 2302 reciperent,
1305 2238 1500 2301 neque
1523 2220 2033 2301 quemadmodum
2060 2222 2287 2304 oppida
2311 2222 2593 2286 desende-

216 2319 369 2382 rent,
402 2306 726 2367 habebant.
814 2302 1031 2385 Itaque
1060 2325 1122 2365 se
1146 2324 1375 2385 suaque
1399 2304 1603 2365 omnia
1634 2304 1870 2367 Caesari
1903 2306 2297 2369 dediderunt:
2350 2308 2413 2370 in
2439 2330 2591 2390 quos

216 2390 292 2452 «τὸ
315 2390 561 2471 gravius
580 2388 800 2451 Caesar
820 2388 1249 2450 vindicandum
1278 2389 1498 2463 statuit,
1520 2388 1642 2470 quo
1662 2388 2007 2469 diligentius
2032 2391 2093 2452 in
2124 2390 2416 2473 reliquum
2442 2408 2590 2456 tem-

217 2496 335 2559 pus
363 2476 403 2538 ὲ
429 2474 707 2539 barbaris
723 2475 828 2555 jus
857 2473 1193 2555 legatorum
1225 2486 1700 2536 conservaretur.
1781 2471 2014 2557 Itaque,
2047 2476 2211 2538 omni
2241 2490 2452 2540 senatu
2479 2482 2675 2542 ne-25

220 2571 384 2637 cato,
412 2560 670 2643 reliquos
701 2560 812 2621 sub
839 2559 1070 2622 corona
1090 2558 1381 2621 vendidit.
1737 2602 1742 2608 -

308 2642 519 2706 XVII.
568 2644 729 2706 Dum
756 2644 889 2706 haec
917 2644 982 2705 in
1012 2642 1260 2705 Venetis
1285 2657 1594 2724 geruntur,
1620 2643 1701 2727 Q.
1726 2643 2002 2706 Titurius
2021 2644 2304 2724 Sabinus,
2330 2669 2467 2710 cum
2499 2648 2594 2712 bis

223 2729 419 2812 copiis
456 2750 604 2811 quas
649 2730 688 2790 a
718 2728 968 2791 Caesare
1016 2741 1350 2812 acceperat,
1394 2730 1454 2790 in
1498 2729 1647 2791 fines
1693 2727 2049 2792 Unellorum
2099 2734 2384 2814 pervenit.
2473 2731 2592 2796 His

220 2827 485 2896 praeerat
514 2812 855 2891 Viridovix,
905 2835 977 2875 ac
1008 2833 1303 2874 summam
1334 2814 1571 2897 imperii
1600 2816 1841 2877 tenebat
1873 2836 2080 2877 earum
2129 2817 2397 2879 omnium
2444 2818 2593 2880 civi-

217 2911 412 2960 tatum
445 2920 583 2980 quae
606 2899 967 2975 defecerant,
998 2920 1074 2960 ex
1109 2898 1324 2980 quibus
1349 2899 1699 2974 exercitum,
1731 2920 2103 2981 magnasque
2132 2902 2340 2985 copias
2369 2905 2679 2984 coi-'Sge-So

214 2995 329 3045 rat.
424 2984 508 3045 At
548 3006 623 3045 ue
653 2984 745 3048 his
774 2984 982 3067 paucis
1011 2983 1220 3045 diebus
1248 2982 1492 3045 Aulerci
1545 2983 1943 3060 EburoviceS,
1966 2983 2362 3067 Lexoviique,
2384 3001 2594 3050 senatu

217 3088 329 3129 sno
359 3067 487 3130 inte
541 3081 697 3145 ect0,
727 3068 891 3150 quod
916 3081 1191 3129 auctores
1218 3067 1361 3130 belli
1386 3089 1512 3129 esse
1541 3067 1847 3142 nolebant,
1877 3082 2084 3150 portas
2113 3068 2472 3146 clauserunt,
2503 3091 2595 3133 se-

216 3173 335 3234 que
367 3173 508 3214 cum
534 3151 886 3214 Viridovice
910 3154 1390 3234 conjunxerunt:
1433 3172 1777 3234 magnaque
1806 3166 2100 3233 praeterea
2135 3151 2455 3215 multitudo
2483 3175 2597 3217 un·

216 3238 408 3320 dique
454 3259 533 3300 ex
580 3236 782 3300 Gallis
823 3238 1189 3321 perditorum
1239 3237 1551 3299 hominum
1581 3236 2002 3318 latronumque
2031 3249 2412 3314 convenerat,
2443 3259 2595 3320 quos

216 3344 351 3406 spes
378 3322 722 3407 praedandi,
744 3321 1121 3405 studiumque
1142 3321 1405 3384 bellandi
1429 3323 1507 3384 ab
1528 3320 1899 3403 agricultura
1923 3334 1982 3384 et
2005 3321 2357 3403 quotidiano
2386 3322 2678 3388 labore35

219 3409 570 3470 revocabat.
649 3405 932 3484 Sabinus,
976 3407 1197 3469 idoneo
1222 3407 1501 3469 omnibus
1529 3408 1708 3468 rebus
1732 3406 1890 3484 loco,
1920 3406 2129 3468 castris
2160 3426 2286 3468 sese
2315 3410 2594 3472 tenebat:

217 3493 354 3554 cum
386 3490 713 3555 Viridovix
742 3505 957 3555 contra
984 3513 1122 3553 eum
1153 3491 1340 3554 dussm
1372 3491 1626 3553 millium
1660 3512 1686 3552 s
1731 3492 1854 3552 atio
1884 3491 2265 3569 consedisset,
2296 3494 2596 3574 quotidie-

220 3597 335 3658 que
359 3578 678 3661 productis
707 3576 902 3661 copiis
943 3576 1258 3660 pugnandi
1291 3589 1645 3659 potestatem
1678 3513 1942 3655 facerem
1986 3590 2051 3638 ut
2066 3579 2200 3658 jam
2232 3599 2356 3640 non
2398 3579 2594 3643 solum

215 3661 493 3724 hostibus
517 3663 581 3724 in
612 3661 1118 3745 contemptionem
1147 3660 1411 3723 Sabinus
1435 3661 1685 3738 veniret,
1729 3661 1833 3723 sed
1862 3663 2041 3723 etiam
2072 3675 2411 3724 nostrorum
2437 3663 2595 3725 mili·

219 3758 345 3808 tum
376 3748 631 3808 vocibus
661 3745 940 3809 nonnihil
980 3759 1362 3830 carperetur:
1407 3758 1757 3827 tantamque
1787 3746 2131 3829 opinionem
2172 3747 2406 3808 timoris
2477 3752 2680 3811 rae-40

216 3830 371 3907 buit,
420 3845 487 3893 ut
522 3833 657 3912 jam
708 3831 788 3892 ad
828 3831 1055 3893 vallum
1101 3844 1433 3892 castrorum
1465 3831 1666 3894 hostes
1694 3831 1982 3893 accedere
2027 3832 2335 3893 auderent.
2420 3768 2494 3893 fil
2523 3831 2599 3893 es

220 3915 441 3977 caussa
466 3916 745 3993 faciebat,
776 3915 943 4000 quod
969 3936 1109 3978 cum
1140 3915 1310 3978 tanta
1337 3914 1718 3977 multitudine
1738 3914 2021 3993 hostium,
2041 3916 2375 3999 praesertim
2395 3936 2469 3978 eo
2491 3916 2598 3978 ab·

290 4062 364 4106 12.
404 4060 551 4109 Tanta
568 4063 718 4112 subito
749 4061 989 4124 andacia]
1026 4061 1211 4110 Seneca
1240 4061 1319 4109 lib.
1353 4075 1420 4110 xx.
1481 4061 1791 4108 considerari.
1855 4062 2004 4108 Aulus
2023 4077 2138 4109 vero
2161 4064 2340 4110 Gellius
2363 4062 2443 4109 lib.
2466 4077 2556 4110 vn.
2573 4076 2681 4123 cap.

218 4122 381 4182 Epist.
446 4124 535 4170 Sed
553 4124 605 4173 in
637 4126 729 4174 otio
749 4126 1015 4174 inconcussa
1037 4125 1198 4189 jacere
1231 4138 1325 4172 non
1356 4129 1420 4171 ed
1479 4125 1526 4171 4.
1549 4125 1641 4170 ait:
1678 4123 2094 4173 Bucari-similam
2121 4129 2355 4172 ωνοηαίοε
2372 4123 2560 4171 veniisse
2589 4138 2681 4172 cer·

217 4183 533 4248 tranquilitas,
546 4186 743 4237 malacia
757 4192 836 4235 ese.
899 4189 1118 4235 Groecum
1136 4195 1209 4234 est
1224 4200 1417 4242 nomen,
1478 4186 1715 4259 vosjuoeta
1726 4184 1900 4233 dictim
1922 4186 2123 4244 Catonis,
2138 4192 2189 4234 ul
2199 4186 2404 4249 populus
2427 4199 2512 4232 sua

214 4250 349 4305 quod
372 4250 502 4307 apud
522 4249 736 4308 Latinos,
759 4258 810 4296 ut
833 4250 983 4297 multa
1014 4249 1128 4306 alia,
1150 4250 1199 4295 in
1222 4263 1309 4295 usu
1331 4256 1417 4295 est.
1471 4253 1628 4309 postus
1647 4248 1703 4295 ob
1737 4261 1831 4294 rem
1855 4247 1967 4295 bene
1998 4253 2170 4309 gestam
2193 4252 2432 4295 commem
2449 4262 2568 4311 supp
2589 4249 2682 4298 ic·-

214 4307 310 4357 llic
349 4325 495 4369 porro
515 4314 817 4359 observanda
855 4313 1061 4359 Caesaris
1084 4311 1303 4368 felicitas,
1325 4309 1418 4357 nisi
1478 4314 1574 4356 mm
1610 4315 1698 4368 eat,
1879 4325 1930 4357 re
1951 4307 2072 4357 male
2091 4311 2222 4382 gesta
2243 4313 2486 4356 coronatus
2505 4315 2682 4360 veneat.

211 4372 341 4418 enim
363 4374 446 4419 illa
466 4375 718 4434 repentina
740 4374 948 4421 malacia
968 4375 1133 4435 sugam
1151 4374 1301 4421 Gallis
1324 4371 1414 4419 eri·
1538 4372 1616 4419 ³1.
1647 4372 1693 4419 A
1744 4371 1837 4418 ενι-ι’
1896 4371 2210 4433 Eburovices]
2251 4371 2383 4418 Caua:
2425 4371 2682 4422 d’Em-euoe.

210 4435 411 4491 putatet,
427 4437 602 4484 bellum
622 4450 723 4483 non
740 4444 866 4483 esset
879 4437 1167 4483 consectum.
1478 4433 1535 4480 ln
1557 4434 1661 4480 aliis
1678 4434 1922 4481 codicibus
1945 4433 2125 4479 frustra
2142 4441 2245 4480 erat
2266 4432 2454 4492 virgula
2470 4435 2680 4496 interpo-

268 4499 351 4545 26.
385 4497 602 4560 Reliqtaos
619 4498 705 4546 sub
726 4497 897 4546 coronel
929 4497 1173 4560 vendidit]
1209 4496 1307 4544 Sub
1338 4512 1417 4544 co-
1480 4496 1588 4544 sita.
1652 4495 1973 4543 Eburovicum
2016 4496 2130 4542 urbs
2173 4495 2514 4543 Mediolanum.
2584 4499 2680 4546 Ev-

206 4572 331 4605 rona
351 4561 561 4607 vendere
597 4561 727 4620 quod
761 4559 920 4616 suerit,
957 4574 1053 4607 non
1090 4558 1232 4620 plane
1252 4559 1416 4619 liquet.
1478 4572 1613 4606 reum.

208 4621 304 4666 Alii
324 4622 454 4668 enim
474 4625 648 4682 putant
669 4637 776 4670 esse
795 4624 1003 4669 vendere
1033 4622 1082 4668 in
1120 4625 1284 4670 orbem
1321 4621 1416 4669 dis·
1542 4621 1610 4667 Π).
1644 4619 1876 4681 [xxcvii]
1916 4618 2047 4668 Ceus:
2082 4618 2139 4669 de
2177 4618 2383 4680 Lirim,
2418 4622 2480 4669 de
2509 4621 2679 4684 quibu·

206 4683 410 4742 positos,
450 4699 547 4746 quo
580 4683 767 4734 facilins
802 4686 867 4734 ab
903 4684 1197 4747 emptoribus
1230 4684 1416 4746 possint
1477 4696 1640 4745 supra.
