3059 5050
278 248 343 310 iv
1270 244 1772 313 PRAEFATIO.

279 406 372 456 est
397 415 438 457 o
480 414 551 455 us
570 393 985 477 peragendum
1004 394 1312 472 excitavit,
1336 408 1398 465 et
1424 396 1706 461 omnibus
1723 396 1956 461 artibus
1984 397 2303 463 Gallorum
2333 422 2578 466 suorum
2606 423 2746 487 pos-

280 478 422 541 teris
438 415 691 559 ‘izegem
722 472 1003 561 providet
1030 479 1215 561 quain
1244 479 1768 578 sapientissimum,
1816 483 1996 564 quam
2027 480 2514 564 eruditissimum,
2563 489 2746 570 quam

281 562 639 640 maximum,
670 583 732 625 se
755 563 1017 645 denique
1046 563 1229 646 quam
1259 563 1699 644 dignissimum,
1725 579 1785 626 et
1813 565 1929 628 hac
1957 569 2341 651 providentia
2368 572 2525 636 filios
2553 587 2615 635 et
2641 595 2747 634 ne-

281 661 453 732 potes
482 662 738 726 nostros,
769 660 838 710 ut
864 669 976 710 nos
998 660 1296 731 praesente
1314 649 1536 711 habeat
1558 650 1870 732 regimine,
1900 652 1978 714 de
1995 673 2118 735 quo
2137 654 2318 736 quim
2338 657 2415 719 de
2439 678 2748 740 quoquam

283 752 594 815 nunquam
623 732 826 795 verius
855 731 1123 795 dictum:

530 815 624 880 Et
649 838 782 902 spes
811 826 867 879 et
894 817 1055 880 ratio
1082 815 1416 881 studiorum
1443 818 1510 881 in
1546 817 1786 883 Caesere
1815 828 2064 900 tantum,

535 901 718 965 Solus
742 901 897 965 enim
926 901 1119 966 tristes
1148 902 1263 965 Ιιὰο
1291 911 1628 988 tempestate
1668 904 1981 969 Camoenas

528 985 842 1073 Respexit.
2044 990 2329 1057 Juvenal.
2361 993 2567 1079 Satyr.
2601 1003 2660 1060 7.

367 1070 442 1134 Id
470 1071 765 1156 imprimis
792 1072 979 1150 volui,
1011 1071 1295 1136 Candide
1318 1072 1565 1152 Lector,
1583 1074 1821 1138 nescius
1849 1097 1926 1139 ne
1953 1098 2129 1139 esses.
2217 1077 2384 1143 Tum
2415 1081 2490 1144 de
2521 1082 2752 1145 Autore

281 1157 463 1220 etiam
489 1158 707 1220 horum
738 1157 1333 1221 Commentariorum
1361 1160 1545 1221 velim
1573 1170 1633 1222 te
1657 1161 1785 1221 fieri
1815 1161 2152 1227 certiorem.
2185 1166 2206 1179 ⁶

368 1241 695 1306 Suetonius
723 1243 881 1304 libro
898 1243 975 1306 de
998 1243 1126 1305 vita
1150 1240 1439 1321 caesaris,
1464 1266 1603 1328 cap.
1630 1249 1732 1307 56.
1754 1244 1993 1309 Plinius
2021 1245 2221 1332 Epist.
2259 1254 2356 1312 18.
2388 1250 2615 1313 Strabo
2647 1252 2751 1314 lib.

282 1348 373 1392 ιν.
417 1327 782 1391 Plutarchus
833 1328 897 1392 in
949 1326 1222 1406 Caesare,
1269 1329 1373 1391 sed
1397 1342 1457 1391 et
1485 1328 1709 1391 Cicero
1755 1343 1815 1392 et
1866 1329 2102 1394 Hirtius
2144 1334 2508 1417 scripserunt
2537 1334 2754 1399 Caesa·

282 1434 408 1475 rem
438 1412 750 1497 reliquisse
778 1432 978 1475 rerum
1009 1434 1252 1476 suarum
1285 1413 1794 1497 Commentarios.
1884 1415 2072 1497 Quod
2103 1432 2163 1480 et
2192 1418 2429 1501 Syllam
2454 1420 2663 1484 secisse
2693 1435 2753 1483 et

280 1496 554 1561 Coesaris
606 1516 1009 1561 successorem
1033 1498 1379 1580 Augustum
1431 1500 1744 1561 memoriae
1773 1500 2040 1584 prodidit
2086 1499 2472 1566 Plutarchus.
2562 1505 2754 1570 Com·-

280 1582 609 1645 mentarios
639 1597 839 1645 autem
912 1582 1017 1645 uia
1045 1584 1159 1645 sibi
1190 1583 1444 1665 quisque
1468 1584 1694 1661 scribit,
1719 1606 1843 1647 non
1871 1585 2103 1669 populo
2134 1601 2239 1649 aut
2261 1591 2535 1671 posteris,
2560 1591 2754 1673 negli-

280 1668 521 1750 gentius
551 1668 777 1731 scribit.
932 1668 1031 1730 inc
1063 1680 1151 1730 est
1175 1669 1341 1750 quod
1370 1689 1495 1730 non
1523 1690 1958 1752 usquequaque
1986 1672 2140 1732 adeo
2193 1673 2438 1755 perfecti
2485 1690 2643 1753 sunt,
2691 1691 2756 1737 ut

279 1753 429 1814 nihil
459 1753 848 1816 desideretur.
934 1753 1114 1817 Adde
1144 1754 1308 1834 quod
1337 1766 1426 1814 est
1451 1754 1531 1814 ab
1559 1751 1764 1815 Hirtio
1793 1755 1855 1816 in
1879 1754 2256 1838 praesatione‚
2284 1757 2387 1819 lib.
2414 1780 2560 1821 vm.
2587 1783 2758 1822 com·

278 1850 698 1914 memoratum,
756 1836 937 1900 facile
985 1851 1045 1900 et
1095 1838 1368 1901 celeriter
1423 1858 1526 1900 eos
1579 1838 1927 1915 confecisse,
1975 1840 2039 1900 in
2083 1841 2228 1925 ipsis
2271 1845 2756 1925 expeditionibus

277 1942 496 2007 nempe
523 1936 583 1985 et
613 1923 868 2005 singulis
894 1922 1126 2000 diebus,
1180 1936 1248 1985 ut
1276 1924 1428 1985 fiunt
1455 1923 1887 2006 ephemerides,
1920 1945 2042 2005 quo
2089 1926 2334 1987 nomine
2364 1928 2668 1992 donantur
2718 1930 2758 1993 a

275 2006 634 2085 Plutarcho,
689 2009 863 2090 quasi
893 2008 1062 2070 dicas
1092 2008 1306 2084 diaria,
1359 2028 1471 2069 nec
1502 2007 1588 2068 illi
1614 2029 1984 2088 cognoscere
2013 2023 2222 2092 postea
2274 2013 2584 2074 vacavisse
2613 2036 2756 2096 pro·

276 2094 588 2177 pet-antius
615 2093 829 2168 editos,
861 2104 928 2153 ut
958 2106 1121 2174 patet
1149 2093 1287 2154 cum
1319 2112 1396 2153 ex
1427 2091 1648 2167 multiS,
1682 2106 1806 2153 tum
1856 2092 2022 2175 quod
2053 2093 2115 2155 in
2145 2094 2424 2155 laudibus
2452 2094 2535 2158 T.
2562 2094 2752 2159 Labi-

276 2178 376 2240 eni
407 2177 632 2239 ibidem
658 2177 1039 2251 immodicus,
1066 2196 1217 2258 quas
1245 2190 1457 2259 postea
1486 2175 1550 2238 in
1579 2176 1749 2238 libris
1790 2177 1868 2239 de
1911 2177 2073 2239 bello
2103 2176 2290 2240 Civili
2321 2179 2598 2241 inimicus
2627 2181 2753 2243 sac·

276 2276 373 2326 tus
402 2276 572 2324 more
624 2281 735 2323 suo
765 2261 1087 2345 supprimit
1115 2272 1221 2323 aut
1246 2274 1553 2323 extenuat.
1641 2259 1777 2323 Hos
1834 2263 2320 2339 commentario&
2364 2264 2510 2344 quia
2610 2267 2753 2328 aulo

277 2347 478 2412 minus
506 2345 829 2428 diligenter
846 2345 1173 2429 conscripti
1196 2346 1497 2422 videntur,
1519 2346 1874 2427 abjudicant
1897 2346 2138 2409 Caesari
2163 2348 2433 2431 quidam,
2463 2362 2532 2411 ut
2613 2372 2754 2413 ran-

276 2432 475 2495 ciscus
502 2430 793 2495 Floridus
818 2430 1083 2493 Sabinus
1112 2444 1173 2494 et
1200 2429 1557 2493 Ludovicus
1587 2429 1799 2508 Cario,
1848 2445 1907 2494 et
1948 2432 2024 2494 de
2052 2432 2268 2495 horum
2297 2431 2591 2496 librorum
2620 2435 2752 2499 Au-

277 2532 411 2581 tore
439 2516 791 2602 scrupulum
822 2515 998 2602 nobis
1022 2514 1300 2599 injiciunt
1324 2538 1342 2596 3
1390 2537 1650 2599 quorum
1683 2516 1833 2579 alter
1861 2517 2050 2580 libros
2097 2531 2214 2580 tres
2244 2517 2320 2580 de
2347 2518 2510 2581 bello
2564 2518 2751 2585 Civili

278 2601 550 2667 Caesaris
578 2623 707 2666 esse
736 2614 940 2684 negat,
973 2601 1124 2664 alter
1153 2600 1646 2664 Commentarios
1673 2602 1750 2663 de
1771 2601 1931 2664 bello
1958 2602 2200 2665 Gallico
2221 2602 2262 2666 J
2268 2603 2391 2665 ulio
2415 2603 2602 2666 Celso
2626 2608 2753 2669 cui-

278 2688 424 2751 dam
455 2687 848 2750 ascribendos
894 2699 1087 2771 putat.
1174 2685 1310 2749 Imo
1341 2699 1402 2748 et
1432 2686 1679 2770 Lipsius
1709 2686 1982 2748 nonnihil
2015 2688 2270 2765 dubitat,
2302 2689 2463 2770 styli,
2495 2703 2562 2751 ut
2587 2691 2754 2755 vide-

277 2787 394 2851 tur,
426 2774 805 2835 invenustate
834 2783 1162 2856 permotus,
1194 2771 1369 2833 simul
1400 2785 1461 2833 et
1488 2773 1813 2834 autoritate
1841 2772 2111 2834 virorum
2143 2774 2377 2856 aliquot
2413 2775 2753 2856 doctorum,

276 2872 345 2921 ut
370 2871 504 2922 erat
530 2871 747 2942 captus
774 2877 986 2920 eorum
1008 2859 1111 2939 qui
1142 2870 1283 2919 ante
1306 2856 1601 2918 ducentos
1624 2867 1685 2918 et
1702 2857 1962 2940 amplius
1987 2879 2180 2920 annos
2203 2859 2507 2936 vivebant,
2538 2881 2754 2945 nempe

274 2942 534 3007 Joannis
564 2942 1035 3018 salisberiensis‚
1062 2941 1370 3004 Vincentii
1400 2941 1630 3003 autoris
1662 2941 1908 3025 speculi,
1930 2941 2226 3006 Roderici
2253 2943 2486 3005 Sanctii
2506 2957 2565 3006 et
2582 2941 2754 3008 Mar-

276 3029 497 3111 garitae
526 3028 843 3110 cujusdam
874 3025 1169 3105 Poeticae,
1213 3048 1354 3109 quae
1381 3026 1630 3107 stu-rago
1659 3042 1748 3088 est
1777 3028 2205 3090 sententiarum
2234 3049 2312 3090 ex
2354 3027 2563 3091 Poetis
2592 3029 2756 3091 aliis·

323 3135 396 3176 ue
424 3113 838 3190 collectarum,
870 3111 908 3175 a
938 3113 1156 3194 quibus
1186 3112 1470 3194 quaedam
1502 3111 1580 3173 de
1609 3109 1861 3173 Coesare
1891 3112 2227 3175 reseruntur
2271 3126 2561 3196 tanquam
2604 3113 2755 3178 Julii

278 3136 449 3262 {elsi
497 3198 744 3262 autoris·
833 3195 1067 3260 Verum
1100 3198 1259 3258 hunc
1288 3196 1675 3278 sepulchrum
1704 3196 1918 3258 eximit
1948 3197 2261 3260 Gerardus
2294 3196 2565 3261 Joannes
2594 3199 2757 3262 Vos-

279 3284 422 3361 sius,
466 3284 571 3365 qui
620 3282 789 3344 Celsi
822 3280 1315 3343 Commentarios
1344 3285 1421 3352 δῖς
1451 3285 1539 3344 διὰ
1567 3290 1743 3344 πασῶν
1773 3281 2010 3345 differre
2041 3282 2079 3342 ὁ,
2107 3281 2579 3347 Commentariis
2609 3284 2759 3348 Cae-

280 3368 429 3430 saris
476 3368 701 3452 prodit,
755 3377 825 3429 ut
863 3366 1079 3442 sciunt,
1132 3365 1348 3448 inquit,
1395 3365 1450 3427 si
1479 3366 1743 3450 quicum
1784 3366 2024 3429 Caesare
2055 3367 2415 3431 contulerint
2442 3368 2757 3434 editionem

292 3453 460 3516 Celsi
513 3451 661 3514 anni
714 3467 1170 3513 uccccnxxm.
1224 3452 1396 3532 cujus
1424 3451 1657 3514 nullam
1687 3451 1726 3513 a
1756 3450 2029 3514 Gesnero
2063 3465 2168 3514 aut
2199 3452 2461 3516 Simlero
2503 3456 2760 3518 mentio-

282 3559 419 3600 nem
449 3537 676 3600 saetam
707 3536 981 3611 miratur,
1026 3540 1201 3616 cujus
1228 3548 1290 3598 et
1316 3536 1679 3618 particulam
1732 3557 1859 3598 esse
1912 3537 2121 3599 scribit
2169 3537 2578 3619 fragmentum
2609 3540 2760 3603 illud

279 3623 707 3698 Petavianum,
760 3620 801 3682 a
848 3621 1211 3704 quibusdam
1243 3618 1602 3683 Petrarchoe
1643 3620 2018 3702 assignatum
2049 3622 2126 3684 dc
2155 3622 2315 3685 bello
2345 3621 2759 3707 Hispaniensi,

282 3729 435 3788 qnos
460 3727 574 3770 nos
602 3706 666 3767 iu
696 3707 813 3768 hac
842 3706 1107 3768 editione
1136 3706 1295 3767 libro
1323 3704 1401 3766 de
1428 3706 1591 3767 bello
1621 3705 2015 3789 Hispaniensi
2045 3707 2442 3769 subdidimus.
2528 3707 2760 3771 Addit:

280 3792 533 3856 ‚Interim
568 3790 841 3875 fatemur
879 3788 1116 3853 Celsum
1148 3812 1269 3853 non
1300 3788 1527 3852 tannim
1571 3788 1831 3854 Caesan‘s
1871 3802 2048 3874 gesta
2073 3793 2305 3854 conseri
2346 3791 2507 3868 sisse,
2556 3791 2662 3853 sed
2705 3805 2762 3857 et

294 3874 768 3942 Commentarios
808 3873 1071 3938 C'aesaris
1117 3874 1239 3937 sive
1290 3874 1648 3936 recensuisse
1675 3876 1795 3937 sive
1825 3877 2178 3960 corrupisse.
2334 3877 2454 3938 erte*
2482 3875 2547 3939 in
2600 3876 2760 3942 MS.

285 3983 409 4027 meo
449 3961 693 4025 Coesare
722 3957 1055 4045 Hirtioque
1080 3969 1170 4020 ter
1191 3957 1399 4022 Julius
1434 3959 1866 4022 Constantinus
1898 3958 1976 4021 U.
2013 3960 2088 4022 C.
2113 3959 2357 4044 legitur.
2444 3959 2591 4042 Ego
2615 3966 2761 4027 vero

286 4048 480 4110 fateor
529 4068 629 4109 me
678 4046 976 4127 ejusmodi
1007 4044 1177 4106 Celsi
1206 4044 1531 4105 editionem
1587 4066 1683 4106 an.
1720 4065 2177 4107 mcccc-Lxxm.
2209 4044 2453 4122 factam,
2484 4049 2778 4129 quamvis·

287 4132 499 4195 sedulo
523 4133 589 4194 in
618 4130 1022 4193 celeberrimis
1046 4128 1449 4191 Bibliothecis
1477 4130 1868 4211 perquisitam
1899 4150 2023 4190 non
2054 4129 2389 4206 invenisse3
2433 4152 2533 4194 me
2561 4146 2759 4195 tamen

290 4230 513 4300 praeter
558 4216 944 4278 autoritatem
995 4213 1325 4276 doctissimi
1356 4213 1491 4289 viri,
1540 4235 1680 4295 quae
1704 4212 1918 4275 merito
1950 4214 2160 4295 magni
2191 4214 2269 4275 ab
2301 4217 2584 4280 omnibus
2611 4217 2762 4278 faci-

290 4303 450 4363 enda
478 4314 586 4376 est,
635 4301 697 4363 in
729 4322 863 4363 eam
888 4299 1238 4383 opinionem
1270 4298 1493 4360 adduci
1520 4311 1834 4359 venustate
1863 4297 2023 4379 styli,
2078 4311 2144 4359 ut
2171 4300 2416 4364 credam
2448 4304 2577 4377 hos,
2608 4320 2761 4380 quos

289 4387 353 4448 in
384 4386 665 4447 manibus
707 4386 1019 4460 habemus,
1074 4383 1371 4464 genuinos
1399 4403 1528 4444 esse
1559 4382 1827 4444 Caesaris
1874 4379 2383 4463 Commentarios,
2437 4386 2514 4447 de
2542 4385 2762 4466 quibus

294 4487 419 4532 tum
452 4470 697 4545 Cicer0,
722 4481 849 4530 tum
874 4468 1113 4531 Hirtius
1138 4482 1261 4528 tam
1292 4466 1601 4528 luculenta
1628 4467 1814 4528 edunt
1834 4468 2197 4532 testimonia.
2285 4468 2456 4531 Nihil
2497 4469 2656 4531 enim
2689 4469 2762 4533 il-

292 4557 365 4617 lis
395 4554 628 4630 tersius,
676 4552 827 4615 nihil
856 4554 1160 4629 mundiuS‚
1213 4550 1365 4612 nihil
1390 4549 1681 4612 Latinum
1711 4551 1929 4632 magis,
1983 4566 2068 4630 ut,
2100 4554 2148 4616 si
2172 4554 2322 4618 nulli
2352 4554 2558 4616 suisset
2579 4555 2759 4618 etiam

295 4640 543 4723 pagium
571 4638 995 4722 przescriptum
1020 4636 1291 4699 Caesarie
1320 4656 1563 4711 nomen,
1593 4647 1797 4698 tamen
1818 4637 1857 4699 a
1886 4635 2130 4702 Latinae
2158 4640 2391 4720 linguae
2439 4639 2763 4705 scientibus
