3059 5050
1234 286 1512 352 LIBER
1553 287 1638 351 n.
2591 298 2676 362 22

219 438 354 503 acie
383 434 707 501 constituit.
793 431 1018 498 Hostes
1046 434 1189 497 item
1221 455 1359 497 suas
1400 435 1609 519 copias
1651 454 1730 496 ex
1758 434 1971 497 castris
2000 437 2256 502 eductas
2291 439 2590 505 instruxe-

219 537 377 587 rant.

306 606 424 670 IX.
468 603 658 668 Palus
687 617 818 668 erat
846 626 968 669 non
998 625 1224 686 magna
1253 604 1408 666 inter
1425 616 1695 667 nostrum
1729 617 1910 687 atque
1935 606 2200 670 hostium
2223 612 2590 674 exercitum:

221 693 381 754 hanc
413 691 462 752 si
491 692 681 752 nostri
712 691 1050 767 transirent,
1083 690 1281 750 hostes
1311 711 1387 750 ex
1468 690 1754 766 etabant3
1798 691 1985 752 nostri
2017 705 2238 770 autem,
2269 697 2318 756 si
2368 697 2445 758 ab
2475 696 2594 761 illis

221 778 461 840 initium
492 774 841 837 transeundi
872 775 1056 851 fieret,
1107 787 1173 835 ut
1200 773 1362 857 impe
1409 776 1522 834 itos
1555 774 2046 856 aggrederentur,
2076 779 2271 859 parati
2314 779 2379 841 in
2409 783 2591 844 armis
2635 788 2674 845 5

224 876 421 923 erant.
504 856 755 922 Interim
779 859 997 944 proelio
1021 857 1278 940 equestri
1310 860 1461 920 inter
1491 858 1643 920 duas
1697 859 1855 921 acies
1891 862 2382 925 contendebatur.
2467 862 2594 929 Ubi

224 945 421 1008 neutri
455 944 800 1006 transeundi
829 943 1064 1005 initium
1096 941 1343 1019 faciunt,
1382 943 1738 1004 secundiore
1766 945 2031 1026 equitum
2064 959 2405 1008 nostrorum
2431 968 2595 1031 proe-

223 1029 329 1106 lio,
363 1028 580 1090 Caesar
610 1049 749 1090 suos
774 1028 839 1089 in
869 1042 1068 1089 castra
1097 1027 1356 1089 reduxit.
1443 1025 1668 1088 Hostes
1698 1029 1972 1110 protinus
2001 1050 2078 1090 ex
2108 1050 2185 1091 eo
2210 1030 2348 1092 loco
2374 1033 2453 1094 ad
2482 1032 2595 1095 flu-

223 1135 363 1175 men
393 1114 679 1175 Axonam
709 1113 1163 1188 eontenderunt,
1196 1111 1361 1193 quod
1417 1131 1546 1173 esse
1581 1127 1719 1194 post
1746 1126 1952 1174 nostra
1997 1127 2195 1176 castra
2223 1116 2597 1180 demonstra-

224 1214 351 1259 tum
383 1211 511 1259 est:
557 1198 641 1259 ibi
669 1198 840 1273 vadis
871 1197 1139 1280 repertis,
1186 1209 1416 1279 partem
1451 1217 1696 1258 suarum
1723 1197 2034 1280 copiarum
2077 1200 2464 1262 transducere
2491 1209 2681 1267 co-lo

224 1282 349 1344 nati
377 1297 533 1360 sunt,
565 1303 638 1343 eo
661 1281 935 1358 consili0‚
959 1294 1041 1357 ut,
1069 1281 1117 1341 si
1143 1295 1406 1363 possent,
1432 1278 1767 1357 castellum,
1800 1283 1898 1343 cui
1922 1296 2183 1366 praeerat
2211 1282 2292 1365 Q.
2322 1282 2597 1350 Titurius

224 1366 481 1448 legatus,
521 1380 962 1451 expugnarent,
1001 1378 1368 1447 pontemque
1415 1365 1949 1427 interscinderent:
1994 1368 2086 1429 sin
2141 1367 2362 1446 minus,
2413 1391 2596 1451 agros

220 1450 604 1513 Rhemorum
633 1448 1090 1536 popularentur,
1129 1449 1233 1532 qui
1266 1470 1491 1531 magno
1515 1450 1690 1511 nobis
1723 1451 1855 1512 usui
1885 1451 1966 1513 ad
2012 1452 2235 1515 benum
2265 1455 2597 1535 gerendum

222 1553 415 1613 erant,
441 1548 933 1617 commeatusque
957 1550 1194 1596 nostros
1219 1534 1611 1596 sustinebant.

307 1619 391 1683 X.
437 1618 655 1683 Caesar
683 1619 902 1686 certior
949 1620 1142 1682 sactus
1173 1617 1213 1680 a
1237 1616 1503 1693 Titurio,
1545 1636 1785 1681 omnem
1824 1619 2186 1702 equitatum,
2225 1633 2287 1683 et
2320 1621 2467 1686 levis
2498 1630 2678 1690 αι’-15

222 1718 481 1767 maturae
510 1703 834 1781 Numidas,
863 1703 1218 1780 funditores,
1249 1704 1715 1848 sagittariosque
1754 1718 1998 1787 pontem
2028 1707 2383 1784 transducit,
2418 1723 2598 1791 atque

219 1788 302 1851 ad
327 1810 431 1850 eos
455 1789 780 1850 contendit.
866 1788 1104 1849 Acriter
1132 1787 1197 1848 in
1225 1808 1298 1848 eo
1351 1807 1466 1848 oco
1497 1800 1831 1869 pugnatum
1859 1801 1983 1851 est:
2045 1789 2244 1851 hostes
2272 1792 2593 1874 impeditos

221 1873 412 1934 nostri
438 1872 502 1933 in
531 1871 777 1933 flumine
807 1871 1099 1954 aggressi,
1145 1891 1436 1951 magnum
1478 1891 1687 1931 eorum
1714 1892 2027 1934 numerum
2058 1874 2407 1937 occiderunt
2428 1898 2448 1937 ε
2487 1898 2598 1960 per

220 1978 435 2018 eorum
467 1977 729 2039 corpora
771 1954 1033 2037 reliquos
1063 1953 1462 2016 audacissime
1489 1954 1742 2015 transire
1771 1968 2077 2033 conantes,
2109 1957 2487 2022 multitudine
2510 1975 2598 2022 te·

220 2039 420 2103 lorum
470 2039 844 2122 repulerunt:
886 2039 1134 2121 primm,
1181 2038 1282 2119 qui
1313 2037 1692 2113 transierant,
1735 2039 2004 2121 equitatu
2040 2039 2482 2106 circumventos
2507 2045 2684 2108 in-ssu

220 2124 600 2189 terfecerunt.
671 2121 914 2198 Hostes,
940 2122 1044 2183 ubi
1075 2135 1134 2182 et
1161 2121 1238 2183 de
1266 2123 1683 2205 expugnando
1701 2122 1950 2206 oppido,
1981 2136 2040 2186 et
2063 2123 2140 2185 de
2169 2125 2415 2190 flumine
2437 2142 2602 2192 tran·

218 2208 448 2271 seundo
473 2228 642 2292 spem
669 2227 731 2269 se
753 2205 1028 2268 fefellisse
1057 2204 1494 2282 intellexerunt,
1526 2226 1721 2288 neque
1751 2220 1985 2269 nostros
2013 2209 2077 2269 in
2102 2207 2306 2272 locum
2337 2211 2596 2295 iniquio-

136 2350 147 2367 ,
217 2315 343 2355 rem
368 2291 660 2376 progredi
688 2289 1005 2376 pugnandi
1034 2289 1250 2350 caussa
1271 2288 1571 2367 viderunt,
1603 2304 1784 2372 atque
1812 2311 1916 2352 eos
1947 2313 2039 2353 res
2064 2293 2455 2359 frumentaria
2491 2298 2598 2361 de-

218 2377 397 2440 ficere
425 2377 613 2460 coepit
637 2398 655 2455 3
701 2375 964 2437 concilio
992 2387 1352 2451 convocato,
1397 2374 1835 2437 constituerunt
1863 2377 2156 2459 optimum
2185 2399 2315 2443 esse
2344 2381 2593 2445 domum

220 2483 390 2525 suam
416 2480 715 2545 quemque
738 2459 982 2521 reverti:
1027 2471 1087 2519 et
1109 2479 1367 2541 quorum
1397 2459 1460 2520 in
1490 2459 1639 2521 fines
1668 2460 1931 2544 primum
1962 2460 2233 2526 Romani
2262 2468 2681 2532 exercitum&

221 2547 708 2622 introduxissent,
756 2546 834 2607 ad
882 2565 987 2606 eos
1016 2542 1421 2606 defendendos
1458 2544 1724 2628 undique
1768 2548 2135 2626 convenire3
2179 2563 2246 2611 ut
2288 2551 2487 2650 potius
2530 2553 2596 2616 in

226 2632 371 2708 suiS,
391 2631 571 2712 quam
596 2629 805 2693 alienis
824 2629 1045 2691 finibus
1074 2628 1467 2706 decertarent,
1499 2642 1527 2673 ⁸
1558 2643 1617 2690 et
1645 2630 1988 2693 domesticis
2010 2633 2201 2716 copiis
2227 2655 2311 2695 rel
2335 2634 2601 2699 frumen-

222 2715 400 2777 tariae
429 2727 747 2777 uterentur.
833 2713 934 2775 Ad
964 2733 1098 2774 eam
1130 2715 1673 2791 sententiam‚'cum
1707 2715 1816 2776 reli
1861 2716 1951 2777 uis
1981 2719 2227 2795 caussis,
2267 2720 2401 2782 haec
2444 2743 2600 2804 quo-1

221 2820 342 2882 que
369 2799 523 2862 ratio
550 2821 653 2861 eos
678 2797 948 2876 deduxit,
980 2795 1145 2880 quod
1174 2795 1550 2860 Divitiacum
1577 2813 1756 2881 atque
1866 2801 2018 2862 duos
2047 2801 2266 2864 finibus
2307 2802 2596 2868 Bellova-

219 2906 430 2946 corum
462 2884 954 2969 appropinquare
997 2896 1453 2963 cognoverant:
1496 2883 1589 2944 his
1637 2886 2004 2967 persuaderi,
2046 2898 2114 2947 ut
2140 2887 2363 2950 diutius
2392 2894 2677 2955 mora-30

219 2981 446 3046 rentur,
473 2991 548 3030 ne
579 2969 700 3029 suis
724 2966 1018 3028 auxilium
1045 2965 1282 3043 ferrent,
1314 2988 1436 3029 non
1466 2981 1722 3050 poterat.

304 3051 422 3115 XI.
469 3051 570 3116 Es
610 3073 675 3114 re
691 3121 695 3125 ,
712 3051 1056 3127 constitutit,
1096 3050 1361 3113 secunda
1405 3052 1638 3133 vigilia,
1686 3073 1915 3133 magno
1951 3074 2092 3115 cum
2122 3056 2370 3139 strepitu
2399 3079 2472 3120 ac
2501 3071 2596 3121 tu·

218 3137 415 3199 multu
438 3138 649 3199 castris
672 3136 917 3217 egressi,
942 3134 1109 3197 nullo
1132 3151 1298 3197 certo
1321 3136 1555 3212 ordine,
1574 3157 1770 3218 neque
1787 3136 2063 3218 imperio,
2090 3159 2274 3219 quum
2300 3140 2413 3201 sibi
2433 3142 2596 3223 quis-

220 3243 338 3305 que
368 3222 629 3306 primum
655 3220 882 3282 itineris
909 3218 1111 3282 locum
1140 3233 1385 3303 peteret,
1416 3233 1476 3282 et
1503 3220 1750 3282 domum
1782 3221 2096 3304 pervenire
2119 3238 2487 3306 properaret,
2507 3224 2593 3288 se·-

220 3322 452 3384 cerunt,
484 3320 551 3368 ut
576 3304 906 3367 consimilis
933 3304 1099 3387 fugae
1139 3297 1434 3388 profectio
1462 3305 1784 3382 videretur.
1872 3303 2011 3367 Hac
2042 3327 2105 3369 re
2148 3311 2344 3370 statim
2377 3307 2676 3374 Caesar35

218 3412 329 3474 per
357 3390 764 3476 speculatores
787 3389 1054 3471 cognita,
1085 3388 1335 3451 insidias
1362 3391 1606 3468 veritu8‚
1632 3389 1798 3473 quod
1829 3389 1951 3471 quii
1979 3391 2056 3453 de
2083 3393 2296 3454 caussa
2325 3395 2595 3458 discede-

218 3490 352 3538 rent
396 3473 669 3542 nondum
715 3487 1123 3558 perspexerat,
1153 3476 1482 3537 exercitum
1522 3476 1976 3558 equitatumque
2021 3479 2232 3539 castris
2276 3481 2590 3544 continuit.

219 3557 432 3624 Primii.
471 3559 625 3637 luce,
669 3558 1030 3622 confirmata
1059 3580 1125 3620 re
1171 3562 1248 3621 ab
1290 3559 1796 3643 exploratoribus,
1841 3581 2078 3623 omnem
2110 3563 2461 3644 equitatum,
2488 3566 2592 3647 qui

218 3644 611 3707 novissimum
638 3664 859 3726 agmen
890 3655 1243 3721 moraretur,
1274 3644 1589 3727 praemisit,
1634 3646 1808 3726 eique
1837 3645 1918 3727 Q.
1951 3645 2231 3725 Pedium,
2262 3661 2323 3710 et
2351 3647 2429 3710 L.
2457 3650 2588 3711 Au·

219 3727 593 3792 runculeium
625 3727 873 3791 Cottam
915 3726 1150 3809 legatos
1178 3728 1493 3827 praefecit:
1537 3727 1620 3791 T.
1651 3728 1993 3792 Labienum
2035 3729 2301 3813 legatum
2334 3754 2472 3794 cum
2505 3731 2676 3796 let-40

217 3813 503 3894 gionibus
530 3814 724 3876 tribus
753 3812 1035 3895 subsequi
1050 3813 1251 3894 jussit.
1339 3811 1426 3875 Hi
1456 3814 1814 3876 novissimos
1845 3815 2062 3893 adorti,
2093 3832 2153 3878 et
2183 3815 2371 3878 multa
2402 3816 2592 3881 millia

216 3917 502 3978 passuum
531 3892 854 3982 prosecuti,
884 3916 1171 3979 magnam
1202 3897 1643 3961 multitudinem
1675 3919 1883 3961 eorum
1914 3899 2268 3981 fugientium
2307 3900 2589 3964 concide·-

218 3994 380 4043 runt.
473 3982 678 4065 Quum
726 3983 805 4044 ab
846 3995 1117 4044 extremo
1152 3982 1396 4064 agmine
1443 3982 1525 4060 hi,
1558 3984 1635 4046 ad
1667 4004 1820 4066 quos
1847 3997 2093 4047 ventum
2124 3999 2272 4063 erat,
2302 3986 2589 4049 consiste-

862 4124 895 4157 ο,
915 4108 977 4156 Ec
999 4107 1234 4157 alerentur
1242 4108 1486 4172 frumento
1507 4108 1632 4173 quod
1644 4107 1872 4157 habebam
1886 4108 2025 4157 denti.

278 4233 353 4281 17.
388 4230 549 4280 Hostes
578 4231 644 4280 im
732 4232 819 4280 ilos
852 4231 997 4280 nostri
1014 4231 1069 4281 in
1089 4231 1293 4296 flumine
1328 4245 1412 4295 ag·
1474 4233 1588 4294 quid
1610 4240 1735 4281 esset
1757 4234 2002 4294 seriptum,
2023 4236 2152 4283 unde
2173 4235 2423 4282 materiam
2446 4235 2536 4282 sibi
2556 4236 2670 4285 scri·
2744 4289 2748 4293 .

199 4294 394 4404 ficui]
428 4293 541 4341 Pari
562 4309 589 4341 c
657 4295 823 4342 iditate
846 4294 1019 4354 potius,
1056 4294 1198 4355 quam
1221 4294 1410 4353 virtute,
1473 4296 1616 4342 bendi
1659 4296 1876 4356 sumpsit,
1920 4311 2016 4342 non
2060 4296 2358 4343 intellexerit.
2423 4297 2565 4344 Tanti
2598 4305 2673 4347 dut

261 4356 460 4404 elvetios
484 4357 532 4402 in
548 4357 832 4404 tra'iciendo
860 4357 1013 4404 Arare
1041 4365 1315 4417 occupatos,
1339 4366 1410 4405 st·
1473 4358 1598 4405 scire
1619 4358 1824 4418 linguas,
1845 4359 1973 4404 unde
1995 4365 2220 4417 petuntur
2239 4357 2513 4417 disciplinae.

205 4433 300 4479 que
322 4419 577 4480 impeditos
649 4427 757 4467 erat
777 4434 1047 4480 aggressus.
1530 4421 1607 4466 39.
1638 4419 1690 4478 Q.
1708 4418 1924 4476 Pedium,
1938 4424 1981 4466 et
1997 4419 2049 4465 L.
2062 4418 2429 4468 Aurunculeium
2449 4422 2668 4485 Cottam]

274 4482 347 4528 13.
383 4482 477 4529 Per
500 4495 659 4530 emm
678 4480 904 4554 corpora]
940 4481 1222 4529 Plutarchus
1244 4482 1408 4530 scribit
1467 4480 1546 4529 De
1562 4480 1711 4528 Pedio
1726 4496 1887 4542 supra.
1951 4481 2096 4526 Cotta
2111 4481 2222 4527 vero
2243 4496 2301 4529 ex
2320 4492 2461 4545 gente
2487 4486 2671 4532 Aurun-

204 4541 666 4592 Romnnisadditum
690 4543 836 4592 fuisse
856 4557 944 4601 per
964 4542 1220 4606 Belgarum
1236 4547 1406 4604 corpo-
1469 4543 1624 4591 culeis.
1658 4543 1846 4602 plebeia
1882 4543 1984 4588 fuit.
2048 4541 2224 4591 Postea
2257 4560 2361 4593 cum
2402 4547 2558 4594 multis
2589 4561 2669 4594 eo·

203 4618 290 4651 ra:
324 4607 410 4653 sed
444 4607 669 4654 dissensit
706 4604 734 4652 a
777 4603 968 4652 Came
1005 4615 1203 4667 propter
1243 4606 1406 4654 Latini
1469 4605 1684 4652 hortibus
1708 4607 1768 4651 ab
1787 4604 2063 4665 Ambiorige
2089 4603 2362 4658 Eburonum
2383 4623 2498 4672 rege
2519 4609 2569 4656 in
2597 4607 2668 4654 bi-

198 4669 436 4718 semonia
459 4667 803 4732 ignorantiam,
834 4675 886 4717 ut
907 4665 1133 4730 urbia-or,
1164 4666 1310 4731 quod,
1329 4669 1407 4719 hic
1467 4667 1630 4719 bernis
1651 4679 1822 4728 coesus,
1841 4674 1897 4717 ut
1910 4666 2162 4718 videbitur.
