3059 5050
831 297 955 363 DE
999 298 1305 364 BELLO
1350 295 1614 363 ALEX.
1653 296 1953 364 LIBER.
2497 306 2614 367 321

132 450 407 517 naculae
434 449 646 525 suerat,
677 448 914 510 nuntiat
960 447 1141 524 fama,
1185 448 1485 530 legionem
1534 468 1669 509 xxx.
1700 467 1882 528 quam
1915 446 1996 528 Q.
2029 445 2276 511 Cassius
2306 448 2540 531 legatus

135 537 344 598 simul
388 537 667 610 ducebat,
700 554 885 615 quum
930 531 1208 615 Illurgim
1257 534 1334 595 ad
1365 533 1655 617 oppidum
1705 548 1905 594 castra
1952 534 2218 610 baberet,
2251 534 2542 597 seditione

136 622 348 698 sacta,
397 619 848 682 centurionibus
898 618 1129 700 aliquot
1176 620 1407 694 occisis,
1438 618 1543 700 qui
1591 617 1766 699 signa
1809 617 1940 678 tolli
1986 638 2110 680 non
2140 620 2541 702 patiebantur,

135 706 529 782 discessisse,
560 718 622 766 et
648 704 728 766 ad
760 724 833 765 11.
863 703 1161 784 legionem
1208 704 1604 778 contendisse,
1636 723 1775 783 quae
1807 702 1885 764 ad
1932 701 2144 764 fretum
2178 703 2299 765 alio
2329 704 2541 767 itinere

136 793 525 854 ducebatur.
586 789 857 870 Cognita
881 809 961 863 re,
988 803 1169 850 noctu
1196 808 1333 849 cum
1358 810 1419 849 V.
1442 788 1796 849 cohortibus
1825 801 1853 832 a
1880 788 2541 853 undevicesimannrum
2585 793 2624 852 5

134 876 496 957 egreditur.
582 873 773 936 Mane
821 874 1107 956 pervenit.
1194 871 1286 933 Ibi
1317 893 1455 933 eum
1484 872 1668 949 diem,
1700 886 1763 934 ut
1792 873 1938 956 quid
1986 886 2284 954 ageretur,
2314 875 2545 959 perspi-

140 975 353 1037 ceret,
380 974 665 1035 moratuS,
692 958 1061 1020 Carmonam
1092 958 1418 1019 contendit.
1493 956 1637 1033 Hic,
1668 978 1851 1040 quum
1884 957 2046 1039 legio
2076 978 2211 1019 m.
2242 972 2302 1019 et
2331 980 2464 1021 xxt.
2486 975 2546 1024 et
2579 998 2582 1001 ι

144 1046 453 1107 cohortes
500 1066 585 1107 iv.
616 1058 674 1105 et
700 1065 760 1103 v.
791 1042 971 1122 legio,
999 1056 1277 1123 totusque
1305 1043 1686 1105 convenisset
1731 1043 2050 1125 equitatus,
2082 1043 2269 1120 audit,
2321 1064 2407 1104 iv.
2440 1066 2546 1106 co·

147 1131 376 1193 hortes
405 1130 445 1191 a
470 1127 803 1191 vernaculis
832 1128 860 1170 b
891 1147 1208 1210 oppressas
1254 1126 1331 1187 ad
1364 1126 1734 1203 Obuculam,
1765 1149 1904 1190 cum
1953 1128 2045 1188 his
2091 1129 2168 1190 ad
2218 1129 2543 1191 secundam

244 1215 510 1277 rvenisse
533 1213 852 1293 legionem,
884 1232 1213 1292 omnesque
1243 1210 1327 1270 ibi
1358 1231 1420 1271 se
1449 1212 1855 1291 conjunxisse,
1886 1230 1946 1274 et
1972 1210 2054 1275 T.
2086 1211 2387 1274 Thorium
2420 1212 2628 1277 lta-10

82 1332 107 1347 ο
148 1237 450 1361 ῧὲεηεεηι
481 1299 695 1359 ducem
721 1296 1036 1377 delegisse.
1121 1294 1418 1356 Celeriter
1449 1296 1657 1356 habito
1687 1297 1970 1373 concilio,
2000 1296 2360 1360 Marcellum
2386 1298 2546 1360 Cor-

145 1385 414 1459 dubam,
447 1395 511 1445 ut
537 1403 673 1444 eam
722 1382 784 1443 in
816 1394 1112 1464 potestate
1160 1381 1456 1455 retineret,
1490 1379 1572 1460 Q.
1606 1378 1900 1467 Cassium‘
1943 1382 2210 1463 legatum
2243 1380 2544 1466 Hispalim

145 1469 367 1530 mittit.
461 1467 689 1529 Paucis
719 1467 771 1527 ei
806 1467 1024 1527 diebus
1055 1465 1317 1541 affertur,
1348 1480 1711 1526 conventum
1746 1464 2205 1530 cordubensem
2237 1468 2315 1530 ab
2344 1490 2417 1529 eo
2441 1469 2547 1531 de·-

146 1554 394 1631 secisse,
426 1550 908 1632 Marcellumque
953 1563 1057 1612 aut
1102 1551 1433 1626 voluntate,
1465 1565 1572 1612 aut
1609 1552 1958 1613 necessitate
1988 1553 2314 1614 adductum
2348 1553 2547 1638 (nam-

148 1661 282 1721 que
314 1638 379 1700 id
409 1637 578 1699 varie
612 1635 1026 1720 nuntiabatur)
1057 1636 1396 1697 consentire
1419 1657 1558 1697 cum
1583 1635 2120 1697 Cordubensibus:
2167 1658 2239 1699 11.
2270 1640 2631 1703 coliortesl5

149 1723 431 1803 legionis
473 1744 533 1783 v.
579 1742 716 1803 quae
748 1720 983 1782 fuerant
1012 1719 1328 1782 Cordubae
1360 1721 1420 1781 in
1453 1720 1760 1803 praesidio‚
1792 1720 1950 1780 idem
1983 1720 2198 1782 facere.
2297 1721 2547 1786 Cassius

155 1810 258 1869 his
292 1809 472 1870 rebus
501 1806 780 1867 incensus
828 1821 1031 1867 movet
1060 1818 1279 1881 castra,
1309 1817 1369 1866 et
1414 1818 1658 1887 postero
1687 1804 1785 1866 die
1823 1802 2150 1885 Segoviam
2201 1807 2280 1867 ad
2330 1808 2550 1871 flumen

158 1892 470 1955 Silicense
500 1891 682 1953 venit.
768 1889 864 1952 Ibi
917 1890 1127 1951 habita
1172 1889 1487 1965 concione,
1538 1888 1795 1950 militum
1843 1901 2032 1950 tentat
2078 1890 2351 1952 animos:
2401 1914 2552 1975 quos

158 1977 495 2058 cognoscit
524 1997 646 2038 non
694 1974 821 2051 sua,
869 1975 972 2036 sed
1004 1973 1274 2036 Caesaris
1318 1974 1580 2036 absentis
1624 1973 1838 2034 caussa
1881 1973 1993 2034 sibi
2041 1974 2360 2036 fidissimos
2405 1998 2550 2053 esse,

163 2060 527 2143 nullumque
574 2060 908 2144 periculum
957 2060 1404 2142 deprecaturos,
1452 2060 1596 2121 dum
1645 2080 1755 2142 per
1799 2079 1905 2120 eos
1952 2058 2191 2121 Caesari
2239 2062 2635 2144 provincia20

169 2147 601 2210 restitueretur.

258 2230 499 2294 LVIII.
547 2230 793 2294 Interim
833 2229 1103 2293 Thorius
1150 2230 1230 2293 ad
1279 2229 1637 2293 Cordubam
1684 2242 1913 2293 veteres
1960 2230 2230 2312 legiones
2276 2232 2552 2309 adducit3

167 2338 263 2393 ac,
317 2338 393 2378 ne
439 2317 827 2379 dissensionis
874 2317 1110 2378 initium
1156 2330 1362 2378 natum
1394 2316 1679 2378 seditiosa
1707 2316 1962 2378 militum
1995 2317 2220 2398 suaque
2249 2318 2552 2379 videretur

168 2402 429 2480 natura:
482 2402 659 2464 simul
691 2416 755 2464 ut
784 2416 999 2465 contra
1028 2401 1110 2486 Q.
1144 2400 1448 2478 Cassium,
1484 2402 1585 2483 qui
1620 2401 1889 2464 Caesaris
1923 2403 2177 2464 'nomine
2223 2404 2554 2485 majoribus

167 2487 402 2550 viribus
458 2487 545 2551 uti
601 2488 942 2564 videbatur,
1003 2486 1181 2570 teque
1241 2501 1544 2572 potentem
1592 2499 1926 2572 opponeret
1975 2487 2371 2569 dignitatem:
2431 2487 2635 2551 Cn.25

172 2572 475 2657 Pompeio
505 2595 567 2636 se
597 2573 972 2657 provinciam
1005 2593 1361 2657 recuperare
1392 2572 1545 2634 velle
1568 2573 1770 2656 palam
1799 2574 2132 2635 dictitabat.
2195 2572 2281 2635 Et
2304 2574 2552 2637 forsitan

172 2659 355 2720 etiam
383 2659 499 2722 hoc
529 2659 735 2721 secerit
762 2659 908 2721 odio
938 2657 1228 2735 CaesariS,
1255 2670 1313 2719 et
1344 2678 1552 2719 amore
1580 2657 1902 2741 Pompeii:
1948 2660 2120 2740 cujus
2149 2680 2368 2721 nomen
2401 2660 2555 2721 mul-

172 2755 299 2806 tum
332 2758 570 2827 poterat
598 2744 761 2827 apud
790 2765 892 2805 eas
923 2743 1212 2826 legiones»,
1244 2764 1395 2826 quas
1426 2742 1515 2804 M.
1548 2742 1752 2805 Varro
1782 2743 2161 2806 obtinuerat:
2207 2745 2311 2806 sed
2343 2744 2403 2806 id
2435 2744 2557 2827 quii.

171 2846 370 2891 mente
412 2842 751 2892 commotus
779 2828 1004 2905 fecerit,
1036 2829 1386 2911 conjectura
1433 2829 1570 2890 sciri
1602 2849 1726 2890 non
1756 2841 1969 2912 potest.
2057 2826 2245 2891 Certe
2279 2830 2393 2892 hoc
2426 2851 2555 2912 proe

173 2935 237 2977 se
265 2913 535 2977 Thorius
564 2915 820 2976 serebat:
867 2913 1082 2976 milites
1114 2913 1268 2975 adeo
1296 2912 1659 2989 fatebantur,
1693 2928 1758 2977 ut
1787 2912 1907 2975 Cn.
1934 2914 2214 2997 Pompeii
2247 2935 2466 2976 nornen
2493 2917 2641 2979 insso

175 3000 355 3062 scutis
402 3001 752 3083 inscriptum
804 2999 1111 3060 haberent.
1199 2997 1512 3080 Frequens
1560 2998 1904 3080 legionibus
1949 3013 2281 3061 conventus
2310 3000 2554 3062 obviam

175 3085 399 3168 prodit,
430 3105 624 3167 neque
654 3097 885 3146 tantum
918 3085 1206 3159 virorum,
1238 3084 1343 3145 sed
1373 3084 1556 3145 etiam
1588 3082 2159 3159 matrum-familias,
2192 3105 2264 3144 ac
2294 3098 2557 3167 praetex-

178 3184 481 3248 tutorum3
548 3169 1045 3251 deprecaturque,
1094 3190 1170 3230 ne
1222 3168 1425 3230 hostili
1474 3169 1738 3230 adventu
1787 3166 2146 3230 Cordubam
2193 3168 2557 3252 diriperent:

674 3316 705 3349 a
727 3301 933 3349 Militum
955 3301 1138 3350 decimoe
1164 3318 1295 3351 nome
1318 3300 1531 3364 legionis.
1800 3305 1832 3348 b
1859 3303 2148 3367 [interceptas.

168 3405 323 3471 famei,
337 3404 445 3468 Em]
482 3406 667 3465 Magna
690 3406 896 3465 suspicio
913 3408 1089 3463 mendi,
1107 3409 1252 3466 quod,
1269 3408 1383 3467 quin
1444 3407 1711 3465 Propterea
1730 3407 2020 3453 mentionem
2044 3407 2158 3454 facit
2180 3407 2403 3466 fluminis,
2425 3409 2540 3468 quia
2557 3413 2641 3457 du·

183 3469 348 3517 nullius
385 3468 698 3527 manuscripti
731 3482 823 3526 ope
858 3470 1116 3516 emendare
1149 3471 1277 3525 licet,
1315 3469 1382 3516 sic
1445 3466 1557 3529 piei:
1580 3478 1651 3514 est
1676 3469 1898 3528 Segovia,
1931 3468 2026 3515 alia
2064 3469 2110 3514 in
2145 3469 2380 3529 Hispania
2409 3472 2645 3521 Tarraco·

185 3532 418 3590 explicare
440 3532 596 3577 lubet:
634 3532 686 3578 1..
710 3530 872 3586 Titius,
891 3531 975 3594 qui
987 3548 1039 3579 eo
1058 3537 1260 3603 ternpore
1278 3533 1382 3579 trib.
1445 3532 1598 3586 neiisi,
1629 3533 1725 3578 alia
1759 3533 1807 3578 in
1841 3531 2036 3589 Baetici,
2065 3533 2127 3578 de
2157 3533 2250 3591 qua
2283 3543 2525 3592 postrema
2551 3537 2644 3582 hoc

182 3594 280 3643 mil.
299 3593 491 3655 legionis
524 3594 780 3640 vernacula
805 3593 990 3656 suerat,
1023 3599 1205 3641 numia!
1241 3595 1381 3656 legio-
1446 3595 1552 3640 loco
1575 3596 1745 3655 agitur.
1801 3595 1987 3641 Nomen
2010 3594 2139 3640 aliud
2162 3604 2334 3643 servat.

186 3670 286 3704 nori
310 3670 414 3703 xxx.
432 3654 632 3713 discens,
650 3657 736 3702 tim.
782 3658 940 3715 Atque
963 3659 1010 3703 id
1028 3671 1078 3703 se
1096 3657 1225 3703 fama
1244 3674 1375 3704 acce-
1501 3661 1580 3704 25.
1608 3659 1695 3704 Cn.
1719 3656 1976 3765 Pompeia}
2036 3656 2173 3703 Filio.

189 3719 324 3779 pisse,
344 3733 439 3763 non
453 3727 586 3764 certo
608 3729 789 3764 autore.
1504 3721 1581 3766 3-3.
1604 3719 1952 3782 ‚Macrum-sami
1979 3717 1989 3728 ‘
2042 3754 2053 3764 .
2121 3718 2353 3778 Ulpianus
2376 3719 2424 3765 in
2447 3719 2644 3781 digestis

247 3782 285 3827 2
320 3780 569 3841 Iliturgim]
636 3781 921 3827 Ptolemaeus
944 3782 1174 3838 meminit,
1200 3782 1381 3829 Plinius
1443 3784 1505 3828 de
1546 3783 1796 3828 verborum
1830 3781 2046 3841 significa
2084 3796 2194 3838 one,
2216 3782 2645 3834 matrem-familias

188 3843 341 3892 luitur
381 3842 435 3889 'm
460 3852 614 3890 vocat.
1445 3844 1645 3903 opponit
1661 3845 1954 3890 concubinae.
2017 3843 2178 3891 Livius
2194 3843 2309 3890 vero
2325 3845 2385 3889 de
2403 3844 2577 3891 Perseo
2598 3852 2647 3890 et

250 3907 287 3953 7.
367 3907 646 3966 mimium]
719 3905 965 3952 Carmona
999 3908 1112 3952 urbs
1137 3906 1384 3966 Hispania:
1448 3906 1695 3953 Demetrio
1712 3906 1919 3966 Philippi
1939 3905 2041 3951 filiis
2059 3906 2192 3962 dicit,
2208 3905 2287 3952 lib.
2307 3920 2467 3954 xxxix.
2511 3909 2647 3955 Hunc

194 3967 383 4022 Bedese,
412 3969 615 4016 Gomon
635 3967 809 4014 dicitur
832 3969 1076 4025 Straboni,
1099 3971 1241 4016 hodie
1269 3973 1384 4017 Cetr-

190 4044 338 4086 mona,
359 4040 411 4074 ut
431 4039 505 4075 cst
525 4046 674 4090 supra
694 4031 886 4078 dictum.

248 4095 289 4138 9.
324 4091 616 4154 Obuculam]
680 4093 900 4140 Obucula
922 4094 984 4139 ad
1009 4093 1259 4154 singulum
1283 4109 1383 4140 am·

191 4169 299 4264 :a
314 4154 578 4264 πως»
600 4155 1179 4266 ssznssazbrsrsss

194 4294 266 4326 mo
286 4280 458 4326 dicitur
479 4252 682 4336 Obulco,
702 4282 832 4339 quod
856 4254 1136 4327 Pontificale
1167 4234 1382 4340 {ppella-

193 4351 318 4450 mril.
331 4402 644 4467 Heredium]
672 4404 903 4451 Marcello
918 4404 1187 4452 succensuit
1201 4404 1386 4463 Cesar,

190 4467 317 4524 quasi
347 4466 484 4527 cujus
504 4469 617 4513 fidei
639 4466 756 4514 nihil
778 4476 903 4514 esset
923 4467 1232 4524 credendum,
1252 4482 1385 4514 eum·

190 4544 276 4587 que
296 4529 542 4589 relegavit,
566 4532 651 4576 sed
684 4538 855 4588 postea
884 4529 1143 4587 revocavit,
1174 4530 1384 4590 magnis·

193 4605 276 4652 que
296 4591 553 4638 honoribus
577 4601 625 4638 et
646 4590 892 4638 beneficiis
922 4592 1072 4637 auxit.

253 4655 319 4702 17.
361 4653 611 4715 Segouiam
643 4653 709 4702 ad
734 4652 924 4714 flamm
969 4652 1185 4702 Silicense
1220 4652 1383 4716 vernia]

1436 3968 1572 4032 justa
1607 3968 1999 4030 nature-sumilt'ds,
2017 3967 2153 4015 illum
2172 3968 2334 4030 pellice
2356 3974 2505 4016 ertum
2543 3983 2645 4015 esse.

1451 4031 1598 4078 Aulus
1621 4031 1816 4086 Gellius,
1838 4032 1918 4076 lib.
1944 4045 1975 4078 ι.
1997 4044 2105 4088 cap.
2127 4032 2173 4075 ὃ.
2196 4030 2362 4077 irridet
2399 4031 2645 4078 Melissum

1448 4095 1707 4155 quendam,
1730 4096 1810 4152 qui
1849 4094 1939 4140 hoc
1962 4091 2245 4139 discriminis
2277 4097 2516 4140 statuebat
2546 4107 2646 4138 ma-

1448 4166 1638 4203 tronam
1671 4157 1795 4202 inter
1824 4165 1874 4202 et
1909 4155 2357 4213 matrem-familias,
2388 4157 2516 4213 quod
2548 4168 2650 4201 ma-

1448 4228 1591 4266 trona
1622 4219 1769 4265 semel
1802 4219 2083 4278 peperisset,
2119 4216 2502 4266 mater-familias
2534 4216 2650 4264 vero

1446 4280 1606 4340 plures
1625 4280 1801 4334 ,liberos
1823 4281 2125 4340 suscepisset.

1508 4343 1579 4389 lb.
1613 4343 2037 4403 Praeteaetatorum]
2090 4343 2355 4408 Puerorum
2388 4350 2470 4388 aut
2491 4340 2650 4389 adole·

1447 4414 1682 4462 scentum,
1703 4407 1782 4465 qui
1806 4412 2088 4464 praetextam
2126 4405 2273 4450 limbo
2307 4418 2546 4463 purpureo
2576 4412 2648 4450 to·

1447 4483 1561 4529 gam
1599 4468 1818 4515 serebant
1852 4481 2000 4524 usque
2038 4467 2101 4512 ad
2136 4480 2317 4513 annum
2351 4466 2504 4514 etatis
2528 4480 2648 4514 xvir.

1446 4529 1542 4589 qui
1564 4537 1703 4640 me
1724 4541 1889 4592 togam
1921 4541 2092 4588 puram
2116 4528 2218 4576 sine
2244 4528 2389 4576 limbo
2410 4542 2649 4590 purpureo

1446 4606 1581 4639 sume
1679 4600 1713 4638 t.
