<?xml version="1.0" encoding="UTF-8"?>
<!DOCTYPE html PUBLIC "-//W3C//DTD XHTML 1.0 Transitional//EN"
    "http://www.w3.org/TR/xhtml1/DTD/xhtml1-transitional.dtd">
<html xmlns="http://www.w3.org/1999/xhtml" xml:lang="en" lang="en">
 <head>
  <title>
</title>
<meta http-equiv="Content-Type" content="text/html;charset=utf-8" />
  <meta name='ocr-system' content='tesseract 3.04.00' />
  <meta name='ocr-capabilities' content='ocr_page ocr_carea ocr_par ocr_line ocrx_word'/>
</head>
<body>
  <div class='ocr_page' id='page_1' title='image "./cjuliicaesarisq00celsgoog_0132.png"; bbox 0 0 3059 5050; ppageno 0'>
   <div class='ocr_carea' id='block_1_1' title="bbox 391 245 2062 327">
    <p class='ocr_par' dir='ltr' id='par_1_1' title="bbox 391 245 2062 327">
     <span class='ocr_line' id='line_1_1' title="bbox 391 245 2062 327; baseline -0.004 -9"><span class='ocrx_word' id='word_1_1' title='bbox 391 256 514 327; x_wconf 77' lang='lat'>114</span> <span class='ocrx_word' id='word_1_2' title='bbox 1156 246 1280 312; x_wconf 82' lang='lat' dir='ltr'>DE</span> <span class='ocrx_word' id='word_1_3' title='bbox 1323 246 1626 311; x_wconf 87' lang='lat' dir='ltr'><strong>BELLO</strong></span> <span class='ocrx_word' id='word_1_4' title='bbox 1672 245 2062 312; x_wconf 86' lang='lat' dir='ltr'><strong>GALLICO</strong></span> 
     </span>
    </p>
   </div>
   <div class='ocr_carea' id='block_1_2' title="bbox 396 390 2889 4289">
    <p class='ocr_par' dir='ltr' id='par_1_2' title="bbox 396 390 2889 4289">
     <span class='ocr_line' id='line_1_2' title="bbox 474 390 2842 481; baseline -0.002 -20"><span class='ocrx_word' id='word_1_5' title='bbox 474 395 893 481; x_wconf 76' lang='lat' dir='ltr'>magnitudine</span> <span class='ocrx_word' id='word_1_6' title='bbox 920 395 1125 481; x_wconf 76' lang='lat' dir='ltr'>paullo</span> <span class='ocrx_word' id='word_1_7' title='bbox 1150 395 1307 459; x_wconf 73' lang='lat' dir='ltr'>infra</span> <span class='ocrx_word' id='word_1_8' title='bbox 1333 393 1729 479; x_wconf 76' lang='lat' dir='ltr'>ElephantoS‚</span> <span class='ocrx_word' id='word_1_9' title='bbox 1775 395 1971 479; x_wconf 89' lang='lat' dir='ltr'>specie</span> <span class='ocrx_word' id='word_1_10' title='bbox 1999 406 2059 456; x_wconf 91' lang='lat' dir='ltr'>et</span> <span class='ocrx_word' id='word_1_11' title='bbox 2085 390 2290 457; x_wconf 87' lang='lat' dir='ltr'>colore</span> <span class='ocrx_word' id='word_1_12' title='bbox 2335 404 2395 455; x_wconf 89' lang='lat' dir='ltr'>et</span> <span class='ocrx_word' id='word_1_13' title='bbox 2433 390 2632 473; x_wconf 68' lang='lat' dir='ltr'>figura</span> <span class='ocrx_word' id='word_1_14' title='bbox 2658 390 2842 456; x_wconf 86' lang='lat' dir='ltr'>tauri.</span> 
     </span>
     <span class='ocr_line' id='line_1_3' title="bbox 474 476 2859 565; baseline -0.003 -18"><span class='ocrx_word' id='word_1_15' title='bbox 474 481 715 565; x_wconf 76' lang='lat' dir='ltr'>Magna</span> <span class='ocrx_word' id='word_1_16' title='bbox 740 482 832 543; x_wconf 83' lang='lat' dir='ltr'>vis</span> <span class='ocrx_word' id='word_1_17' title='bbox 862 496 949 544; x_wconf 88' lang='lat' dir='ltr'>est</span> <span class='ocrx_word' id='word_1_18' title='bbox 972 502 1200 559; x_wconf 89' lang='lat' dir='ltr'>eorum,</span> <span class='ocrx_word' id='word_1_19' title='bbox 1230 495 1290 544; x_wconf 88' lang='lat' dir='ltr'>et</span> <span class='ocrx_word' id='word_1_20' title='bbox 1315 502 1541 563; x_wconf 88' lang='lat' dir='ltr'>magna</span> <span class='ocrx_word' id='word_1_21' title='bbox 1568 480 1891 543; x_wconf 85' lang='lat' dir='ltr'>velocitas:</span> <span class='ocrx_word' id='word_1_22' title='bbox 1936 500 2128 561; x_wconf 90' lang='lat' dir='ltr'>neque</span> <span class='ocrx_word' id='word_1_23' title='bbox 2157 477 2406 554; x_wconf 91' lang='lat' dir='ltr'>homini,</span> <span class='ocrx_word' id='word_1_24' title='bbox 2452 498 2643 558; x_wconf 90' lang='lat' dir='ltr'>neque</span> <span class='ocrx_word' id='word_1_25' title='bbox 2671 476 2859 557; x_wconf 83' lang='lat' dir='ltr'>ferae,&#39;</span> 
     </span>
     <span class='ocr_line' id='line_1_4' title="bbox 522 562 2840 650; baseline -0.002 -22"><span class='ocrx_word' id='word_1_26' title='bbox 522 588 663 628; x_wconf 88' lang='lat' dir='ltr'>uam</span> <span class='ocrx_word' id='word_1_27' title='bbox 693 566 1139 650; x_wconf 81' lang='lat' dir='ltr'>conspexerint,</span> <span class='ocrx_word' id='word_1_28' title='bbox 1185 580 1469 650; x_wconf 84' lang='lat' dir='ltr'>parcunt:</span> <span class='ocrx_word' id='word_1_29' title='bbox 1514 566 1626 627; x_wconf 87' lang='lat' dir='ltr'>hos</span> <span class='ocrx_word' id='word_1_30' title='bbox 1654 564 1920 628; x_wconf 74' lang='lat' dir='ltr'>studiose</span> <span class='ocrx_word' id='word_1_31' title='bbox 1966 564 2151 626; x_wconf 87' lang='lat' dir='ltr'>foveis</span> <span class='ocrx_word' id='word_1_32' title='bbox 2196 575 2406 646; x_wconf 86' lang='lat' dir='ltr'>captos</span> <span class='ocrx_word' id='word_1_33' title='bbox 2457 562 2840 625; x_wconf 83' lang='lat' dir='ltr'>interficiunt.</span> 
     </span>
     <span class='ocr_line' id='line_1_5' title="bbox 549 647 2842 733; baseline -0.002 -19"><span class='ocrx_word' id='word_1_34' title='bbox 549 651 626 714; x_wconf 73' lang='lat' dir='ltr'>oc</span> <span class='ocrx_word' id='word_1_35' title='bbox 652 672 714 714; x_wconf 82' lang='lat' dir='ltr'>se</span> <span class='ocrx_word' id='word_1_36' title='bbox 742 650 951 714; x_wconf 90' lang='lat' dir='ltr'>labore</span> <span class='ocrx_word' id='word_1_37' title='bbox 979 652 1201 713; x_wconf 88' lang='lat' dir='ltr'>durant</span> <span class='ocrx_word' id='word_1_38' title='bbox 1230 651 1657 727; x_wconf 88' lang='lat' dir='ltr'>adolescentes,</span> <span class='ocrx_word' id='word_1_39' title='bbox 1704 663 1880 733; x_wconf 90' lang='lat' dir='ltr'>atque</span> <span class='ocrx_word' id='word_1_40' title='bbox 1909 648 2026 711; x_wconf 72' lang='lat' dir='ltr'>hoc</span> <span class='ocrx_word' id='word_1_41' title='bbox 2057 669 2275 731; x_wconf 81' lang='lat' dir='ltr'>genere</span> <span class='ocrx_word' id='word_1_42' title='bbox 2303 647 2638 709; x_wconf 84' lang='lat' dir='ltr'>venationis</span> <span class='ocrx_word' id='word_1_43' title='bbox 2667 668 2842 709; x_wconf 80' lang='lat' dir='ltr'>exer-</span> 
     </span>
     <span class='ocr_line' id='line_1_6' title="bbox 398 730 2846 835; baseline -0.002 -36"><span class='ocrx_word' id='word_1_44' title='bbox 398 740 439 800; x_wconf 73' lang='lat'><strong><em>5</em></strong></span> <span class='ocrx_word' id='word_1_45' title='bbox 482 749 649 798; x_wconf 84' lang='lat' dir='ltr'>cent:</span> <span class='ocrx_word' id='word_1_46' title='bbox 692 749 750 798; x_wconf 90' lang='lat' dir='ltr'>et</span> <span class='ocrx_word' id='word_1_47' title='bbox 772 736 873 818; x_wconf 90' lang='lat' dir='ltr'>qui</span> <span class='ocrx_word' id='word_1_48' title='bbox 902 736 1193 835; x_wconf 89' lang='lat' dir='ltr'>plurimos</span> <span class='ocrx_word' id='word_1_49' title='bbox 1216 756 1292 797; x_wconf 80' lang='lat' dir='ltr'>ex</span> <span class='ocrx_word' id='word_1_50' title='bbox 1318 735 1409 797; x_wconf 88' lang='lat' dir='ltr'>his</span> <span class='ocrx_word' id='word_1_51' title='bbox 1430 735 1865 811; x_wconf 84' lang='lat' dir='ltr'>interfecerunt,</span> <span class='ocrx_word' id='word_1_52' title='bbox 1892 735 2092 797; x_wconf 81' lang='lat' dir='ltr'>relatis</span> <span class='ocrx_word' id='word_1_53' title='bbox 2110 734 2172 795; x_wconf 90' lang='lat' dir='ltr'>in</span> <span class='ocrx_word' id='word_1_54' title='bbox 2246 730 2507 795; x_wconf 89' lang='lat' dir='ltr'>ublicum</span> <span class='ocrx_word' id='word_1_55' title='bbox 2537 732 2846 808; x_wconf 88' lang='lat' dir='ltr'>cornibus,</span> 
     </span>
     <span class='ocr_line' id='line_1_7' title="bbox 485 816 2846 904; baseline -0.002 -21"><span class='ocrx_word' id='word_1_56' title='bbox 485 842 624 904; x_wconf 82' lang='lat' dir='ltr'>quae</span> <span class='ocrx_word' id='word_1_57' title='bbox 648 821 765 883; x_wconf 87' lang='lat' dir='ltr'>sint</span> <span class='ocrx_word' id='word_1_58' title='bbox 791 820 1152 897; x_wconf 82' lang='lat' dir='ltr'>tesnmonio‚</span> <span class='ocrx_word' id='word_1_59' title='bbox 1183 841 1468 902; x_wconf 89' lang='lat' dir='ltr'>magnam</span> <span class='ocrx_word' id='word_1_60' title='bbox 1514 819 1711 883; x_wconf 83' lang='lat' dir='ltr'>serunt</span> <span class='ocrx_word' id='word_1_61' title='bbox 1752 820 2013 882; x_wconf 89' lang='lat' dir='ltr'>laudem.</span> <span class='ocrx_word' id='word_1_62' title='bbox 2100 818 2147 881; x_wconf 93' lang='lat' dir='ltr'>S</span> <span class='ocrx_word' id='word_1_63' title='bbox 2263 837 2596 880; x_wconf 80' lang='lat' dir='ltr'>assuescere</span> <span class='ocrx_word' id='word_1_64' title='bbox 2626 817 2704 879; x_wconf 87' lang='lat' dir='ltr'>ad</span> <span class='ocrx_word' id='word_1_65' title='bbox 2734 816 2846 879; x_wconf 88' lang='lat' dir='ltr'>ho·</span> 
     </span>
     <span class='ocr_line' id='line_1_8' title="bbox 482 901 2869 989; baseline -0.003 -21"><span class='ocrx_word' id='word_1_66' title='bbox 482 905 691 983; x_wconf 84' lang='lat' dir='ltr'>mines,</span> <span class='ocrx_word' id='word_1_67' title='bbox 723 919 780 969; x_wconf 85' lang='lat' dir='ltr'>et</span> <span class='ocrx_word' id='word_1_68' title='bbox 805 905 1181 967; x_wconf 87' lang='lat' dir='ltr'>mansuefieri</span> <span class='ocrx_word' id='word_1_69' title='bbox 1211 923 1288 966; x_wconf 91' lang='lat' dir='ltr'>ne</span> <span class='ocrx_word' id='word_1_70' title='bbox 1317 906 1553 988; x_wconf 81' lang='lat' dir='ltr'>parvuli</span> <span class='ocrx_word' id='word_1_71' title='bbox 1591 906 1835 988; x_wconf 89' lang='lat' dir='ltr'>quidem</span> <span class='ocrx_word' id='word_1_72' title='bbox 1860 904 2096 989; x_wconf 80' lang='lat' dir='ltr'>excepti</span> <span class='ocrx_word' id='word_1_73' title='bbox 2136 916 2403 988; x_wconf 86' lang='lat' dir='ltr'>possunt.</span> <span class='ocrx_word' id='word_1_74' title='bbox 2489 901 2869 986; x_wconf 79' lang='lat' dir='ltr'>Amplitudo·</span> 
     </span>
     <span class='ocr_line' id='line_1_9' title="bbox 482 984 2849 1073; baseline -0.002 -21"><span class='ocrx_word' id='word_1_75' title='bbox 482 1010 796 1067; x_wconf 84' lang='lat' dir='ltr'>commun,</span> <span class='ocrx_word' id='word_1_76' title='bbox 826 1004 886 1052; x_wconf 88' lang='lat' dir='ltr'>et</span> <span class='ocrx_word' id='word_1_77' title='bbox 914 991 1114 1072; x_wconf 83' lang='lat' dir='ltr'>figura</span> <span class='ocrx_word' id='word_1_78' title='bbox 1141 1002 1200 1051; x_wconf 91' lang='lat' dir='ltr'>et</span> <span class='ocrx_word' id='word_1_79' title='bbox 1228 990 1453 1073; x_wconf 89' lang='lat' dir='ltr'>species</span> <span class='ocrx_word' id='word_1_80' title='bbox 1483 990 1735 1052; x_wconf 75' lang='lat' dir='ltr'>multum</span> <span class='ocrx_word' id='word_1_81' title='bbox 1770 990 1805 1052; x_wconf 76' lang='lat' dir='ltr'>a</span> <span class='ocrx_word' id='word_1_82' title='bbox 1834 1002 2176 1052; x_wconf 88' lang='lat' dir='ltr'>nostrorum</span> <span class='ocrx_word' id='word_1_83' title='bbox 2205 988 2390 1050; x_wconf 90' lang='lat' dir='ltr'>boum</span> <span class='ocrx_word' id='word_1_84' title='bbox 2419 987 2701 1049; x_wconf 87' lang='lat' dir='ltr'>cornibus</span> <span class='ocrx_word' id='word_1_85' title='bbox 2732 984 2849 1048; x_wconf 84' lang='lat' dir='ltr'>dis-</span> 
     </span>
     <span class='ocr_line' id='line_1_10' title="bbox 483 1071 2851 1157; baseline -0.001 -20"><span class='ocrx_word' id='word_1_86' title='bbox 483 1074 615 1137; x_wconf 83' lang='lat' dir='ltr'>sert.</span> <span class='ocrx_word' id='word_1_87' title='bbox 704 1074 864 1137; x_wconf 86' lang='lat' dir='ltr'>Hoec</span> <span class='ocrx_word' id='word_1_88' title='bbox 890 1075 1153 1137; x_wconf 72' lang='lat' dir='ltr'>studiose</span> <span class='ocrx_word' id='word_1_89' title='bbox 1186 1075 1520 1157; x_wconf 87' lang='lat' dir='ltr'>conquisita</span> <span class='ocrx_word' id='word_1_90' title='bbox 1548 1077 1627 1137; x_wconf 88' lang='lat' dir='ltr'>ab</span> <span class='ocrx_word' id='word_1_91' title='bbox 1656 1075 1840 1136; x_wconf 86' lang='lat' dir='ltr'>labris</span> <span class='ocrx_word' id='word_1_92' title='bbox 1864 1088 2118 1157; x_wconf 85' lang='lat' dir='ltr'>argento</span> <span class='ocrx_word' id='word_1_93' title='bbox 2147 1071 2641 1148; x_wconf 86' lang='lat' dir='ltr'>circumcludunt,</span> <span class='ocrx_word' id='word_1_94' title='bbox 2668 1084 2851 1155; x_wconf 87' lang='lat' dir='ltr'>atque</span> 
     </span>
     <span class='ocr_line' id='line_1_11' title="bbox 407 1158 1861 1243; baseline -0.002 -20"><span class='ocrx_word' id='word_1_95' title='bbox 407 1158 544 1224; x_wconf 83' lang='lat' dir='ltr'>loin</span> <span class='ocrx_word' id='word_1_96' title='bbox 571 1181 668 1222; x_wconf 89' lang='lat' dir='ltr'>am</span> <span class='ocrx_word' id='word_1_97' title='bbox 713 1160 951 1222; x_wconf 88' lang='lat' dir='ltr'>lissimis</span> <span class='ocrx_word' id='word_1_98' title='bbox 980 1159 1171 1243; x_wconf 90' lang='lat' dir='ltr'>epulis</span> <span class='ocrx_word' id='word_1_99' title='bbox 1195 1180 1308 1243; x_wconf 88' lang='lat' dir='ltr'>pro</span> <span class='ocrx_word' id='word_1_100' title='bbox 1337 1160 1570 1243; x_wconf 90' lang='lat' dir='ltr'>poculis</span> <span class='ocrx_word' id='word_1_101' title='bbox 1598 1173 1861 1222; x_wconf 87' lang='lat' dir='ltr'>utuntur.</span> 
     </span>
     <span class='ocr_line' id='line_1_12' title="bbox 700 1240 2854 1329; baseline -0.001 -23"><span class='ocrx_word' id='word_1_102' title='bbox 700 1244 879 1308; x_wconf 90' lang='lat' dir='ltr'><strong>VIII.</strong></span> <span class='ocrx_word' id='word_1_103' title='bbox 912 1243 1131 1308; x_wconf 74' lang='lat' dir='ltr'>Caesar</span> <span class='ocrx_word' id='word_1_104' title='bbox 1148 1261 1467 1329; x_wconf 82' lang='lat' dir='ltr'>postquam</span> <span class='ocrx_word' id='word_1_105' title='bbox 1497 1265 1607 1329; x_wconf 85' lang='lat' dir='ltr'>per</span> <span class='ocrx_word' id='word_1_106' title='bbox 1632 1242 1829 1306; x_wconf 85' lang='lat' dir='ltr'>Ubios</span> <span class='ocrx_word' id='word_1_107' title='bbox 1855 1243 2269 1327; x_wconf 79' lang='lat' dir='ltr'>exploratores</span> <span class='ocrx_word' id='word_1_108' title='bbox 2297 1241 2589 1326; x_wconf 89' lang='lat' dir='ltr'>comperit</span> <span class='ocrx_word' id='word_1_109' title='bbox 2616 1240 2854 1303; x_wconf 86' lang='lat' dir='ltr'>Suevos</span> 
     </span>
     <span class='ocr_line' id='line_1_13' title="bbox 471 1326 2855 1414; baseline -0.003 -21"><span class='ocrx_word' id='word_1_110' title='bbox 471 1332 614 1393; x_wconf 84' lang='lat' dir='ltr'>&#39;sese</span> <span class='ocrx_word' id='word_1_111' title='bbox 638 1331 700 1392; x_wconf 90' lang='lat' dir='ltr'>in</span> <span class='ocrx_word' id='word_1_112' title='bbox 730 1329 910 1392; x_wconf 86' lang='lat' dir='ltr'>silvas</span> <span class='ocrx_word' id='word_1_113' title='bbox 940 1331 1253 1414; x_wconf 85' lang='lat' dir='ltr'>recepisse,</span> <span class='ocrx_word' id='word_1_114' title='bbox 1283 1329 1549 1413; x_wconf 88' lang='lat' dir='ltr'>inopiam</span> <span class='ocrx_word' id='word_1_115' title='bbox 1582 1329 1862 1391; x_wconf 87' lang='lat' dir='ltr'>frumenti</span> <span class='ocrx_word' id='word_1_116' title='bbox 1899 1329 2140 1404; x_wconf 78' lang='lat' dir='ltr'>verituS,</span> <span class='ocrx_word' id='word_1_117' title='bbox 2189 1326 2372 1410; x_wconf 74' lang='lat' dir='ltr'>quod,</span> <span class='ocrx_word' id='word_1_118' title='bbox 2414 1340 2481 1389; x_wconf 90' lang='lat' dir='ltr'>ut</span> <span class='ocrx_word' id='word_1_119' title='bbox 2527 1326 2709 1410; x_wconf 71' lang='lat' dir='ltr'>supra</span> <span class='ocrx_word' id='word_1_120' title='bbox 2749 1327 2855 1388; x_wconf 87' lang='lat' dir='ltr'>de-</span> 
     </span>
     <span class='ocr_line' id='line_1_14' title="bbox 485 1412 2853 1496; baseline -0.003 -18"><span class='ocrx_word' id='word_1_121' title='bbox 485 1416 968 1492; x_wconf 87' lang='lat' dir='ltr'>monstravimus,</span> <span class='ocrx_word' id='word_1_122' title='bbox 1000 1415 1246 1477; x_wconf 72' lang='lat' dir='ltr'>minime</span> <span class='ocrx_word' id='word_1_123' title='bbox 1272 1435 1480 1477; x_wconf 89' lang='lat' dir='ltr'>omnes</span> <span class='ocrx_word' id='word_1_124' title='bbox 1506 1412 1797 1476; x_wconf 79' lang='lat' dir='ltr'>Germani</span> <span class='ocrx_word' id='word_1_125' title='bbox 1830 1413 2216 1496; x_wconf 64' lang='lat' dir='ltr'>agriculturae</span> <span class='ocrx_word' id='word_1_126' title='bbox 2247 1414 2501 1489; x_wconf 88' lang='lat' dir='ltr'>student,</span> <span class='ocrx_word' id='word_1_127' title='bbox 2545 1412 2853 1473; x_wconf 90' lang='lat' dir='ltr'>constituit</span> 
     </span>
     <span class='ocr_line' id='line_1_15' title="bbox 484 1495 2858 1584; baseline -0.002 -22"><span class='ocrx_word' id='word_1_128' title='bbox 484 1522 612 1563; x_wconf 88' lang='lat' dir='ltr'>non</span> <span class='ocrx_word' id='word_1_129' title='bbox 648 1500 934 1584; x_wconf 79' lang='lat' dir='ltr'>progredi</span> <span class='ocrx_word' id='word_1_130' title='bbox 963 1499 1247 1582; x_wconf 76' lang='lat' dir='ltr'>longius3</span> <span class='ocrx_word' id='word_1_131' title='bbox 1291 1500 1392 1562; x_wconf 90' lang='lat' dir='ltr'>sed</span> <span class='ocrx_word' id='word_1_132' title='bbox 1424 1520 1499 1561; x_wconf 89' lang='lat' dir='ltr'>ne</span> <span class='ocrx_word' id='word_1_133' title='bbox 1528 1499 1777 1561; x_wconf 74' lang='lat' dir='ltr'>omnino</span> <span class='ocrx_word' id='word_1_134' title='bbox 1804 1513 2024 1561; x_wconf 90' lang='lat' dir='ltr'>metum</span> <span class='ocrx_word' id='word_1_135' title='bbox 2052 1497 2274 1560; x_wconf 70' lang='lat' dir='ltr'>reditus</span> <span class='ocrx_word' id='word_1_136' title='bbox 2300 1497 2389 1558; x_wconf 90' lang='lat' dir='ltr'>sui</span> <span class='ocrx_word' id='word_1_137' title='bbox 2428 1497 2705 1559; x_wconf 87' lang='lat' dir='ltr'>barbaris</span> <span class='ocrx_word' id='word_1_138' title='bbox 2742 1495 2858 1558; x_wconf 89' lang='lat' dir='ltr'>tol-</span> 
     </span>
     <span class='ocr_line' id='line_1_16' title="bbox 410 1581 2857 1682; baseline -0.002 -34"><span class='ocrx_word' id='word_1_139' title='bbox 410 1586 655 1663; x_wconf 81' lang='lat' dir='ltr'>l5leret,</span> <span class='ocrx_word' id='word_1_140' title='bbox 686 1599 865 1668; x_wconf 90' lang='lat' dir='ltr'>atque</span> <span class='ocrx_word' id='word_1_141' title='bbox 893 1598 959 1647; x_wconf 92' lang='lat' dir='ltr'>ut</span> <span class='ocrx_word' id='word_1_142' title='bbox 986 1606 1193 1647; x_wconf 90' lang='lat' dir='ltr'>eorum</span> <span class='ocrx_word' id='word_1_143' title='bbox 1226 1583 1455 1646; x_wconf 84' lang='lat' dir='ltr'>auxilia</span> <span class='ocrx_word' id='word_1_144' title='bbox 1492 1584 1779 1661; x_wconf 82' lang='lat' dir='ltr'>tardaret,</span> <span class='ocrx_word' id='word_1_145' title='bbox 1823 1584 2072 1647; x_wconf 87' lang='lat' dir='ltr'>reducto</span> <span class='ocrx_word' id='word_1_146' title='bbox 2117 1586 2406 1660; x_wconf 86' lang='lat' dir='ltr'>exercitu,</span> <span class='ocrx_word' id='word_1_147' title='bbox 2435 1594 2666 1682; x_wconf 85' lang='lat' dir='ltr'>partem</span> <span class='ocrx_word' id='word_1_148' title='bbox 2719 1581 2857 1643; x_wconf 87' lang='lat' dir='ltr'>ulti·</span> 
     </span>
     <span class='ocr_line' id='line_1_17' title="bbox 487 1666 2857 1755; baseline -0.002 -22"><span class='ocrx_word' id='word_1_149' title='bbox 487 1690 651 1733; x_wconf 87' lang='lat' dir='ltr'>mam</span> <span class='ocrx_word' id='word_1_150' title='bbox 674 1671 897 1755; x_wconf 87' lang='lat' dir='ltr'>pontis,</span> <span class='ocrx_word' id='word_1_151' title='bbox 922 1691 1062 1753; x_wconf 86' lang='lat' dir='ltr'>quae</span> <span class='ocrx_word' id='word_1_152' title='bbox 1092 1669 1255 1755; x_wconf 79' lang='lat' dir='ltr'>ripas</span> <span class='ocrx_word' id='word_1_153' title='bbox 1277 1666 1581 1732; x_wconf 89' lang='lat' dir='ltr'>Ubiorum</span> <span class='ocrx_word' id='word_1_154' title='bbox 1607 1669 2018 1751; x_wconf 86' lang='lat' dir='ltr'>contingebat,</span> <span class='ocrx_word' id='word_1_155' title='bbox 2049 1670 2110 1731; x_wconf 89' lang='lat' dir='ltr'>in</span> <span class='ocrx_word' id='word_1_156' title='bbox 2150 1668 2590 1750; x_wconf 76' lang='lat' dir='ltr'>longitudinem</span> <span class='ocrx_word' id='word_1_157' title='bbox 2634 1667 2857 1751; x_wconf 85' lang='lat' dir='ltr'>pedum</span> 
     </span>
     <span class='ocr_line' id='line_1_18' title="bbox 487 1752 2855 1838; baseline -0.002 -20"><span class='ocrx_word' id='word_1_158' title='bbox 487 1776 591 1818; x_wconf 86' lang='lat' dir='ltr'>co.</span> <span class='ocrx_word' id='word_1_159' title='bbox 622 1755 928 1833; x_wconf 80' lang='lat' dir='ltr'>rescindit,</span> <span class='ocrx_word' id='word_1_160' title='bbox 978 1768 1158 1838; x_wconf 89' lang='lat' dir='ltr'>atque</span> <span class='ocrx_word' id='word_1_161' title='bbox 1207 1754 1272 1817; x_wconf 92' lang='lat' dir='ltr'>in</span> <span class='ocrx_word' id='word_1_162' title='bbox 1313 1766 1586 1817; x_wconf 80' lang='lat' dir='ltr'>extremo</span> <span class='ocrx_word' id='word_1_163' title='bbox 1629 1768 1811 1838; x_wconf 90' lang='lat' dir='ltr'>ponte</span> <span class='ocrx_word' id='word_1_164' title='bbox 1840 1755 2049 1816; x_wconf 88' lang='lat' dir='ltr'>turrim</span> <span class='ocrx_word' id='word_1_165' title='bbox 2079 1753 2483 1816; x_wconf 85' lang='lat' dir='ltr'>tabulatorum</span> <span class='ocrx_word' id='word_1_166' title='bbox 2517 1775 2602 1814; x_wconf 76' lang='lat' dir='ltr'>tv.</span> <span class='ocrx_word' id='word_1_167' title='bbox 2633 1752 2855 1814; x_wconf 89' lang='lat' dir='ltr'>consti-</span> 
     </span>
     <span class='ocr_line' id='line_1_19' title="bbox 487 1837 2861 1924; baseline -0.002 -21"><span class='ocrx_word' id='word_1_168' title='bbox 487 1841 622 1918; x_wconf 84' lang='lat' dir='ltr'>tuit,</span> <span class='ocrx_word' id='word_1_169' title='bbox 651 1840 1123 1924; x_wconf 84' lang='lat' dir='ltr'>praesidiumque</span> <span class='ocrx_word' id='word_1_170' title='bbox 1151 1840 1489 1903; x_wconf 85' lang='lat' dir='ltr'>cohortium</span> <span class='ocrx_word' id='word_1_171' title='bbox 1534 1860 1648 1902; x_wconf 66' lang='grc' dir='ltr'><strong>ιιι.</strong></span> <span class='ocrx_word' id='word_1_172' title='bbox 1680 1840 1879 1922; x_wconf 87' lang='lat' dir='ltr'>pontis</span> <span class='ocrx_word' id='word_1_173' title='bbox 1907 1838 2112 1902; x_wconf 90' lang='lat' dir='ltr'>tuendi</span> <span class='ocrx_word' id='word_1_174' title='bbox 2136 1837 2348 1901; x_wconf 65' lang='lat' dir='ltr'>caussa</span> <span class='ocrx_word' id='word_1_175' title='bbox 2373 1838 2563 1922; x_wconf 90' lang='lat' dir='ltr'>ponit,</span> <span class='ocrx_word' id='word_1_176' title='bbox 2593 1837 2861 1919; x_wconf 83' lang='lat' dir='ltr'>magnis-</span> 
     </span>
     <span class='ocr_line' id='line_1_20' title="bbox 491 1920 2861 2027; baseline -0.001 -40"><span class='ocrx_word' id='word_1_177' title='bbox 491 1946 608 2027; x_wconf 88' lang='lat' dir='ltr'>que</span> <span class='ocrx_word' id='word_1_178' title='bbox 637 1945 775 1987; x_wconf 89' lang='lat' dir='ltr'>eum</span> <span class='ocrx_word' id='word_1_179' title='bbox 804 1925 1005 1987; x_wconf 88' lang='lat' dir='ltr'>locum</span> <span class='ocrx_word' id='word_1_180' title='bbox 1036 1924 1470 1987; x_wconf 88' lang='lat' dir='ltr'>munitionibus</span> <span class='ocrx_word' id='word_1_181' title='bbox 1499 1924 1719 1987; x_wconf 88' lang='lat' dir='ltr'>firmat.</span> <span class='ocrx_word' id='word_1_182' title='bbox 1808 1923 1889 1986; x_wconf 90' lang='lat' dir='ltr'>Ei</span> <span class='ocrx_word' id='word_1_183' title='bbox 1919 1924 2058 1986; x_wconf 90' lang='lat' dir='ltr'>loco</span> <span class='ocrx_word' id='word_1_184' title='bbox 2087 1923 2490 2008; x_wconf 82' lang='lat' dir='ltr'>praesidioque</span> <span class='ocrx_word' id='word_1_185' title='bbox 2524 1922 2602 1986; x_wconf 92' lang='lat' dir='ltr'>C.</span> <span class='ocrx_word' id='word_1_186' title='bbox 2632 1920 2861 1985; x_wconf 87' lang='lat' dir='ltr'>Volca-</span> 
     </span>
     <span class='ocr_line' id='line_1_21' title="bbox 404 2007 2864 2093; baseline -0.002 -20"><span class='ocrx_word' id='word_1_187' title='bbox 404 2014 638 2073; x_wconf 82' lang='lat' dir='ltr'>20t1um</span> <span class='ocrx_word' id='word_1_188' title='bbox 662 2007 916 2072; x_wconf 89' lang='lat' dir='ltr'>Tullum</span> <span class='ocrx_word' id='word_1_189' title='bbox 948 2008 1387 2073; x_wconf 86' lang='lat' dir='ltr'>adolescentem</span> <span class='ocrx_word' id='word_1_190' title='bbox 1418 2008 1718 2093; x_wconf 86' lang='lat' dir='ltr'>praefecit:</span> <span class='ocrx_word' id='word_1_191' title='bbox 1750 2009 1896 2093; x_wconf 89' lang='lat' dir='ltr'>ipse,</span> <span class='ocrx_word' id='word_1_192' title='bbox 1928 2030 2109 2092; x_wconf 89' lang='lat' dir='ltr'>quum</span> <span class='ocrx_word' id='word_1_193' title='bbox 2141 2021 2538 2071; x_wconf 88' lang='lat' dir='ltr'>maturescere</span> <span class='ocrx_word' id='word_1_194' title='bbox 2566 2008 2864 2070; x_wconf 84' lang='lat' dir='ltr'>frumenta</span> 
     </span>
     <span class='ocr_line' id='line_1_22' title="bbox 427 2092 2861 2179; baseline -0.001 -22"><span class='ocrx_word' id='word_1_195' title='bbox 427 2154 437 2169; x_wconf 61' lang='lat'>„</span> <span class='ocrx_word' id='word_1_196' title='bbox 487 2096 842 2179; x_wconf 84' lang='lat' dir='ltr'>inciperent,</span> <span class='ocrx_word' id='word_1_197' title='bbox 868 2094 947 2157; x_wconf 89' lang='lat' dir='ltr'>ad</span> <span class='ocrx_word' id='word_1_198' title='bbox 975 2094 1198 2156; x_wconf 87' lang='lat' dir='ltr'>bellum</span> <span class='ocrx_word' id='word_1_199' title='bbox 1235 2092 1612 2176; x_wconf 86' lang='lat' dir='ltr'>Ambiorigis</span> <span class='ocrx_word' id='word_1_200' title='bbox 1660 2093 1981 2178; x_wconf 73' lang='lat' dir='ltr'>profectuS,</span> <span class='ocrx_word' id='word_1_201' title='bbox 2035 2114 2142 2178; x_wconf 91' lang='lat' dir='ltr'>per</span> <span class='ocrx_word' id='word_1_202' title='bbox 2190 2094 2579 2156; x_wconf 84' lang='lat' dir='ltr'>Arduennam</span> <span class='ocrx_word' id='word_1_203' title='bbox 2629 2092 2861 2170; x_wconf 88' lang='lat' dir='ltr'>silvam,</span> 
     </span>
     <span class='ocr_line' id='line_1_23' title="bbox 492 2176 2864 2263; baseline -0.001 -21"><span class='ocrx_word' id='word_1_204' title='bbox 492 2201 633 2263; x_wconf 83' lang='lat' dir='ltr'>quae</span> <span class='ocrx_word' id='word_1_205' title='bbox 662 2193 750 2242; x_wconf 90' lang='lat' dir='ltr'>est</span> <span class='ocrx_word' id='word_1_206' title='bbox 778 2180 958 2241; x_wconf 88' lang='lat' dir='ltr'>totius</span> <span class='ocrx_word' id='word_1_207' title='bbox 989 2178 1215 2240; x_wconf 83' lang='lat' dir='ltr'>Galliae</span> <span class='ocrx_word' id='word_1_208' title='bbox 1247 2178 1535 2255; x_wconf 79' lang='lat' dir='ltr'>maxima,</span> <span class='ocrx_word' id='word_1_209' title='bbox 1563 2192 1740 2260; x_wconf 87' lang='lat' dir='ltr'>atque</span> <span class='ocrx_word' id='word_1_210' title='bbox 1765 2180 1843 2241; x_wconf 87' lang='lat' dir='ltr'>ab</span> <span class='ocrx_word' id='word_1_211' title='bbox 1881 2179 2026 2262; x_wconf 89' lang='lat' dir='ltr'>ripis</span> <span class='ocrx_word' id='word_1_212' title='bbox 2052 2177 2256 2241; x_wconf 89' lang='lat' dir='ltr'>Rheni</span> <span class='ocrx_word' id='word_1_213' title='bbox 2286 2178 2623 2261; x_wconf 85' lang='lat' dir='ltr'>finibusque</span> <span class='ocrx_word' id='word_1_214' title='bbox 2644 2176 2864 2240; x_wconf 89' lang='lat' dir='ltr'>Trevi-</span> 
     </span>
     <span class='ocr_line' id='line_1_24' title="bbox 490 2261 2866 2364; baseline 0 -38"><span class='ocrx_word' id='word_1_215' title='bbox 490 2284 695 2326; x_wconf 89' lang='lat' dir='ltr'>rorum</span> <span class='ocrx_word' id='word_1_216' title='bbox 742 2263 821 2326; x_wconf 87' lang='lat' dir='ltr'>ad</span> <span class='ocrx_word' id='word_1_217' title='bbox 864 2261 1127 2324; x_wconf 82' lang='lat' dir='ltr'>Nervios</span> <span class='ocrx_word' id='word_1_218' title='bbox 1213 2263 1448 2340; x_wconf 88' lang='lat' dir='ltr'>ertinet,</span> <span class='ocrx_word' id='word_1_219' title='bbox 1497 2263 1879 2364; x_wconf 85' lang='lat' dir='ltr'>millibusque</span> <span class='ocrx_word' id='word_1_220' title='bbox 1924 2263 2181 2348; x_wconf 91' lang='lat' dir='ltr'>amplius</span> <span class='ocrx_word' id='word_1_221' title='bbox 2226 2286 2291 2326; x_wconf 84' lang='lat' dir='ltr'>n.</span> <span class='ocrx_word' id='word_1_222' title='bbox 2334 2264 2395 2326; x_wconf 93' lang='lat' dir='ltr'>in</span> <span class='ocrx_word' id='word_1_223' title='bbox 2426 2263 2866 2347; x_wconf 88' lang='lat' dir='ltr'>longitudinem</span> 
     </span>
     <span class='ocr_line' id='line_1_25' title="bbox 535 2345 2867 2433; baseline 0 -22"><span class='ocrx_word' id='word_1_224' title='bbox 535 2360 684 2411; x_wconf 85' lang='lat' dir='ltr'>atet:</span> <span class='ocrx_word' id='word_1_225' title='bbox 702 2346 779 2410; x_wconf 83' lang='lat' dir='ltr'>L.</span> <span class='ocrx_word' id='word_1_226' title='bbox 809 2345 1137 2409; x_wconf 88' lang='lat' dir='ltr'>Minutium</span> <span class='ocrx_word' id='word_1_227' title='bbox 1231 2348 1442 2409; x_wconf 84' lang='lat' dir='ltr'>asilum</span> <span class='ocrx_word' id='word_1_228' title='bbox 1474 2368 1613 2410; x_wconf 89' lang='lat' dir='ltr'>cum</span> <span class='ocrx_word' id='word_1_229' title='bbox 1639 2370 1804 2410; x_wconf 88' lang='lat' dir='ltr'>omm</span> <span class='ocrx_word' id='word_1_230' title='bbox 1829 2348 2097 2433; x_wconf 86' lang='lat' dir='ltr'>equitatu</span> <span class='ocrx_word' id='word_1_231' title='bbox 2126 2349 2468 2433; x_wconf 83' lang='lat' dir='ltr'>praemittit3</span> <span class='ocrx_word' id='word_1_232' title='bbox 2514 2350 2561 2411; x_wconf 89' lang='lat' dir='ltr'>si</span> <span class='ocrx_word' id='word_1_233' title='bbox 2594 2349 2738 2433; x_wconf 90' lang='lat' dir='ltr'>quid</span> <span class='ocrx_word' id='word_1_234' title='bbox 2766 2368 2867 2411; x_wconf 89' lang='lat' dir='ltr'>ce-</span> 
     </span>
     <span class='ocr_line' id='line_1_26' title="bbox 406 2432 2872 2519; baseline -0.001 -22"><span class='ocrx_word' id='word_1_235' title='bbox 406 2436 487 2497; x_wconf 79' lang='lat'>25</span> <span class='ocrx_word' id='word_1_236' title='bbox 512 2433 723 2496; x_wconf 89' lang='lat' dir='ltr'>eritate</span> <span class='ocrx_word' id='word_1_237' title='bbox 768 2432 998 2496; x_wconf 89' lang='lat' dir='ltr'>itineris</span> <span class='ocrx_word' id='word_1_238' title='bbox 1040 2446 1220 2516; x_wconf 86' lang='lat' dir='ltr'>atque</span> <span class='ocrx_word' id='word_1_239' title='bbox 1265 2434 1718 2517; x_wconf 86' lang='lat' dir='ltr'>opportunitate</span> <span class='ocrx_word' id='word_1_240' title='bbox 1746 2434 2032 2519; x_wconf 89' lang='lat' dir='ltr'>temporis</span> <span class='ocrx_word' id='word_1_241' title='bbox 2061 2434 2356 2518; x_wconf 86' lang='lat' dir='ltr'>proficere</span> <span class='ocrx_word' id='word_1_242' title='bbox 2381 2436 2598 2518; x_wconf 82' lang='lat' dir='ltr'>possit:</span> <span class='ocrx_word' id='word_1_243' title='bbox 2643 2447 2872 2512; x_wconf 86' lang='lat' dir='ltr'>monet,</span> 
     </span>
     <span class='ocr_line' id='line_1_27' title="bbox 488 2518 2867 2621; baseline 0.001 -40"><span class='ocrx_word' id='word_1_244' title='bbox 488 2532 557 2582; x_wconf 94' lang='lat' dir='ltr'>ut</span> <span class='ocrx_word' id='word_1_245' title='bbox 584 2518 756 2602; x_wconf 88' lang='lat' dir='ltr'>ignes</span> <span class='ocrx_word' id='word_1_246' title='bbox 781 2519 910 2582; x_wconf 87' lang='lat' dir='ltr'>fieri</span> <span class='ocrx_word' id='word_1_247' title='bbox 940 2519 1003 2583; x_wconf 90' lang='lat' dir='ltr'>in</span> <span class='ocrx_word' id='word_1_248' title='bbox 1028 2518 1237 2582; x_wconf 90' lang='lat' dir='ltr'>castris</span> <span class='ocrx_word' id='word_1_249' title='bbox 1279 2519 1617 2604; x_wconf 88' lang='lat' dir='ltr'>prohibeat,</span> <span class='ocrx_word' id='word_1_250' title='bbox 1662 2541 1863 2621; x_wconf 75' lang='lat' dir='ltr'>nequa</span> <span class='ocrx_word' id='word_1_251' title='bbox 1916 2521 2042 2603; x_wconf 87' lang='lat' dir='ltr'>ejus</span> <span class='ocrx_word' id='word_1_252' title='bbox 2074 2519 2366 2584; x_wconf 64' lang='lat' dir='ltr'>adventus</span> <span class='ocrx_word' id='word_1_253' title='bbox 2395 2520 2608 2606; x_wconf 90' lang='lat' dir='ltr'>procul</span> <span class='ocrx_word' id='word_1_254' title='bbox 2632 2519 2867 2603; x_wconf 87' lang='lat' dir='ltr'>signifi-</span> 
     </span>
     <span class='ocr_line' id='line_1_28' title="bbox 413 2603 1842 2688; baseline 0.001 -22"><span class='ocrx_word' id='word_1_255' title='bbox 413 2605 418 2610; x_wconf 79' lang='grc'><strong>’</strong></span> <span class='ocrx_word' id='word_1_256' title='bbox 492 2606 655 2667; x_wconf 89' lang='lat' dir='ltr'>catio</span> <span class='ocrx_word' id='word_1_257' title='bbox 685 2605 822 2667; x_wconf 88' lang='lat' dir='ltr'>fiat:</span> <span class='ocrx_word' id='word_1_258' title='bbox 868 2625 995 2667; x_wconf 88' lang='lat' dir='ltr'>sese</span> <span class='ocrx_word' id='word_1_259' title='bbox 1024 2603 1335 2667; x_wconf 84' lang='lat' dir='ltr'>confestim</span> <span class='ocrx_word' id='word_1_260' title='bbox 1368 2606 1646 2688; x_wconf 88' lang='lat' dir='ltr'>subsequi</span> <span class='ocrx_word' id='word_1_261' title='bbox 1676 2605 1842 2667; x_wconf 77' lang='lat' dir='ltr'>dicit.</span> 
     </span>
     <span class='ocr_line' id='line_1_29' title="bbox 576 2687 2872 2775; baseline 0.001 -24"><span class='ocrx_word' id='word_1_262' title='bbox 576 2687 824 2751; x_wconf 86' lang='lat' dir='ltr'><strong>XXIX.</strong></span> <span class='ocrx_word' id='word_1_263' title='bbox 871 2688 1136 2767; x_wconf 82' lang='lat' dir='ltr'>Basilus,</span> <span class='ocrx_word' id='word_1_264' title='bbox 1177 2704 1243 2751; x_wconf 91' lang='lat' dir='ltr'>ut</span> <span class='ocrx_word' id='word_1_265' title='bbox 1281 2691 1638 2773; x_wconf 80' lang='lat' dir='ltr'>imperatum</span> <span class='ocrx_word' id='word_1_266' title='bbox 1671 2705 1779 2767; x_wconf 90' lang='lat' dir='ltr'>est,</span> <span class='ocrx_word' id='word_1_267' title='bbox 1830 2688 2001 2753; x_wconf 84' lang='lat' dir='ltr'>facit:</span> <span class='ocrx_word' id='word_1_268' title='bbox 2046 2690 2335 2770; x_wconf 85' lang='lat' dir='ltr'>celeriter,</span> <span class='ocrx_word' id='word_1_269' title='bbox 2367 2704 2697 2775; x_wconf 87' lang='lat' dir='ltr'>contraque</span> <span class='ocrx_word' id='word_1_270' title='bbox 2736 2711 2872 2754; x_wconf 89' lang='lat' dir='ltr'>om-</span> 
     </span>
     <span class='ocr_line' id='line_1_30' title="bbox 491 2774 2870 2861; baseline 0.002 -25"><span class='ocrx_word' id='word_1_271' title='bbox 491 2774 660 2837; x_wconf 88' lang='lat' dir='ltr'>nium</span> <span class='ocrx_word' id='word_1_272' title='bbox 686 2774 1031 2859; x_wconf 87' lang='lat' dir='ltr'>opinionem</span> <span class='ocrx_word' id='word_1_273' title='bbox 1058 2775 1331 2839; x_wconf 83' lang='lat' dir='ltr'>consecto</span> <span class='ocrx_word' id='word_1_274' title='bbox 1357 2775 1586 2852; x_wconf 89' lang='lat' dir='ltr'>itinere,</span> <span class='ocrx_word' id='word_1_275' title='bbox 1618 2774 1837 2837; x_wconf 90' lang='lat' dir='ltr'>multos</span> <span class='ocrx_word' id='word_1_276' title='bbox 1860 2776 1924 2838; x_wconf 90' lang='lat' dir='ltr'>in</span> <span class='ocrx_word' id='word_1_277' title='bbox 1949 2777 2113 2858; x_wconf 86' lang='lat' dir='ltr'>agris</span> <span class='ocrx_word' id='word_1_278' title='bbox 2132 2775 2514 2860; x_wconf 82' lang='lat' dir='ltr'>inopinantes</span> <span class='ocrx_word' id='word_1_279' title='bbox 2537 2777 2870 2861; x_wconf 86' lang='lat' dir='ltr'>deprehen-</span> 
     </span>
     <span class='ocr_line' id='line_1_31' title="bbox 411 2860 2873 2960; baseline 0.001 -37"><span class='ocrx_word' id='word_1_280' title='bbox 411 2860 610 2923; x_wconf 78' lang='lat' dir='ltr'>sodit:</span> <span class='ocrx_word' id='word_1_281' title='bbox 655 2880 864 2922; x_wconf 90' lang='lat' dir='ltr'>eorum</span> <span class='ocrx_word' id='word_1_282' title='bbox 908 2860 1134 2923; x_wconf 90' lang='lat' dir='ltr'>indicio</span> <span class='ocrx_word' id='word_1_283' title='bbox 1177 2861 1255 2923; x_wconf 88' lang='lat' dir='ltr'>ad</span> <span class='ocrx_word' id='word_1_284' title='bbox 1285 2860 1479 2960; x_wconf 87' lang='lat' dir='ltr'>ipsum</span> <span class='ocrx_word' id='word_1_285' title='bbox 1510 2860 1929 2943; x_wconf 88' lang='lat' dir='ltr'>Ambiorigem</span> <span class='ocrx_word' id='word_1_286' title='bbox 1960 2861 2288 2938; x_wconf 85' lang='lat' dir='ltr'>contendit,</span> <span class='ocrx_word' id='word_1_287' title='bbox 2314 2862 2523 2945; x_wconf 90' lang='lat' dir='ltr'>quoin</span> <span class='ocrx_word' id='word_1_288' title='bbox 2550 2863 2689 2926; x_wconf 92' lang='lat' dir='ltr'>loco</span> <span class='ocrx_word' id='word_1_289' title='bbox 2729 2881 2873 2925; x_wconf 87' lang='lat' dir='ltr'>cum</span> 
     </span>
     <span class='ocr_line' id='line_1_32' title="bbox 492 2943 2870 3030; baseline 0.001 -23"><span class='ocrx_word' id='word_1_290' title='bbox 492 2946 704 3030; x_wconf 86' lang='lat' dir='ltr'>paucis</span> <span class='ocrx_word' id='word_1_291' title='bbox 749 2945 1046 3028; x_wconf 90' lang='lat' dir='ltr'>equitibus</span> <span class='ocrx_word' id='word_1_292' title='bbox 1089 2966 1217 3008; x_wconf 83' lang='lat' dir='ltr'>esse</span> <span class='ocrx_word' id='word_1_293' title='bbox 1261 2943 1594 3009; x_wconf 72' lang='lat' dir='ltr'>dicebatur.</span> <span class='ocrx_word' id='word_1_294' title='bbox 1680 2943 1943 3009; x_wconf 75' lang='lat' dir='ltr'>Multum</span> <span class='ocrx_word' id='word_1_295' title='bbox 1993 2967 2177 3029; x_wconf 91' lang='lat' dir='ltr'>quum</span> <span class='ocrx_word' id='word_1_296' title='bbox 2229 2947 2291 3009; x_wconf 90' lang='lat' dir='ltr'>in</span> <span class='ocrx_word' id='word_1_297' title='bbox 2341 2948 2618 3010; x_wconf 91' lang='lat' dir='ltr'>omnibus</span> <span class='ocrx_word' id='word_1_298' title='bbox 2671 2948 2870 3025; x_wconf 83' lang='lat' dir='ltr'>rebus,</span> 
     </span>
     <span class='ocr_line' id='line_1_33' title="bbox 493 3029 2875 3115; baseline 0.001 -22"><span class='ocrx_word' id='word_1_299' title='bbox 493 3044 621 3093; x_wconf 89' lang='lat' dir='ltr'>tum</span> <span class='ocrx_word' id='word_1_300' title='bbox 651 3031 714 3093; x_wconf 92' lang='lat' dir='ltr'>in</span> <span class='ocrx_word' id='word_1_301' title='bbox 739 3052 804 3093; x_wconf 89' lang='lat' dir='ltr'>re</span> <span class='ocrx_word' id='word_1_302' title='bbox 833 3030 1097 3108; x_wconf 88' lang='lat' dir='ltr'>militari,</span> <span class='ocrx_word' id='word_1_303' title='bbox 1125 3030 1362 3093; x_wconf 87' lang='lat' dir='ltr'>fortuna</span> <span class='ocrx_word' id='word_1_304' title='bbox 1392 3044 1606 3115; x_wconf 89' lang='lat' dir='ltr'>potest.</span> <span class='ocrx_word' id='word_1_305' title='bbox 1693 3029 1857 3094; x_wconf 89' lang='lat' dir='ltr'>Nam</span> <span class='ocrx_word' id='word_1_306' title='bbox 1904 3032 2056 3094; x_wconf 87' lang='lat' dir='ltr'>sicut</span> <span class='ocrx_word' id='word_1_307' title='bbox 2096 3053 2324 3115; x_wconf 87' lang='lat' dir='ltr'>magno</span> <span class='ocrx_word' id='word_1_308' title='bbox 2366 3032 2589 3095; x_wconf 88' lang='lat' dir='ltr'>accidit</span> <span class='ocrx_word' id='word_1_309' title='bbox 2615 3054 2779 3111; x_wconf 83' lang='lat' dir='ltr'>casu,</span> <span class='ocrx_word' id='word_1_310' title='bbox 2803 3045 2875 3095; x_wconf 85' lang='lat' dir='ltr'>ut</span> 
     </span>
     <span class='ocr_line' id='line_1_34' title="bbox 495 3115 2874 3201; baseline 0.002 -24"><span class='ocrx_word' id='word_1_311' title='bbox 495 3116 558 3178; x_wconf 90' lang='lat' dir='ltr'>in</span> <span class='ocrx_word' id='word_1_312' title='bbox 589 3116 786 3200; x_wconf 83' lang='lat' dir='ltr'>ipsum</span> <span class='ocrx_word' id='word_1_313' title='bbox 817 3116 1124 3179; x_wconf 88' lang='lat' dir='ltr'>incautum</span> <span class='ocrx_word' id='word_1_314' title='bbox 1150 3131 1329 3200; x_wconf 88' lang='lat' dir='ltr'>atque</span> <span class='ocrx_word' id='word_1_315' title='bbox 1350 3116 1717 3201; x_wconf 86' lang='lat' dir='ltr'>imparatum</span> <span class='ocrx_word' id='word_1_316' title='bbox 1764 3115 2072 3195; x_wconf 89' lang='lat' dir='ltr'>incideret,</span> <span class='ocrx_word' id='word_1_317' title='bbox 2118 3118 2400 3201; x_wconf 75' lang='lat' dir='ltr'>priusque</span> <span class='ocrx_word' id='word_1_318' title='bbox 2422 3119 2550 3201; x_wconf 88' lang='lat' dir='ltr'>ejus</span> <span class='ocrx_word' id='word_1_319' title='bbox 2578 3118 2874 3182; x_wconf 76' lang='lat' dir='ltr'>adventus</span> 
     </span>
     <span class='ocr_line' id='line_1_35' title="bbox 495 3201 2875 3285; baseline 0.001 -22"><span class='ocrx_word' id='word_1_320' title='bbox 495 3203 574 3263; x_wconf 88' lang='lat' dir='ltr'>ab</span> <span class='ocrx_word' id='word_1_321' title='bbox 604 3201 948 3264; x_wconf 86' lang='lat' dir='ltr'>hominibus</span> <span class='ocrx_word' id='word_1_322' title='bbox 975 3202 1297 3279; x_wconf 84' lang='lat' dir='ltr'>videretur,</span> <span class='ocrx_word' id='word_1_323' title='bbox 1339 3203 1520 3284; x_wconf 80' lang='lat' dir='ltr'>quam</span> <span class='ocrx_word' id='word_1_324' title='bbox 1566 3202 1728 3265; x_wconf 66' lang='lat' dir='ltr'>sama</span> <span class='ocrx_word' id='word_1_325' title='bbox 1755 3223 1828 3265; x_wconf 89' lang='lat' dir='ltr'>ac</span> <span class='ocrx_word' id='word_1_326' title='bbox 1874 3202 2095 3264; x_wconf 86' lang='lat' dir='ltr'>nuntiis</span> <span class='ocrx_word' id='word_1_327' title='bbox 2129 3202 2466 3270; x_wconf 79' lang='lat' dir='ltr'>afferretur:</span> <span class='ocrx_word' id='word_1_328' title='bbox 2510 3203 2597 3266; x_wconf 90' lang='lat' dir='ltr'>sic</span> <span class='ocrx_word' id='word_1_329' title='bbox 2626 3223 2875 3285; x_wconf 75' lang='lat' dir='ltr'>magnae</span> 
     </span>
     <span class='ocr_line' id='line_1_36' title="bbox 411 3285 2878 3372; baseline 0.001 -23"><span class='ocrx_word' id='word_1_330' title='bbox 411 3286 607 3349; x_wconf 69' lang='lat' dir='ltr'>assuit</span> <span class='ocrx_word' id='word_1_331' title='bbox 635 3285 916 3364; x_wconf 85' lang='lat' dir='ltr'>sortunae,</span> <span class='ocrx_word' id='word_1_332' title='bbox 948 3286 1112 3349; x_wconf 88' lang='lat' dir='ltr'>omni</span> <span class='ocrx_word' id='word_1_333' title='bbox 1143 3285 1385 3348; x_wconf 89' lang='lat' dir='ltr'>militari</span> <span class='ocrx_word' id='word_1_334' title='bbox 1419 3286 1831 3364; x_wconf 85' lang='lat' dir='ltr'>instrumento,</span> <span class='ocrx_word' id='word_1_335' title='bbox 1858 3288 2021 3371; x_wconf 90' lang='lat' dir='ltr'>quod</span> <span class='ocrx_word' id='word_1_336' title='bbox 2050 3288 2278 3350; x_wconf 88' lang='lat' dir='ltr'>circum</span> <span class='ocrx_word' id='word_1_337' title='bbox 2303 3308 2366 3351; x_wconf 88' lang='lat' dir='ltr'>se</span> <span class='ocrx_word' id='word_1_338' title='bbox 2391 3289 2673 3366; x_wconf 88' lang='lat' dir='ltr'>habebat,</span> <span class='ocrx_word' id='word_1_339' title='bbox 2701 3308 2878 3372; x_wconf 83' lang='lat' dir='ltr'>erep-</span> 
     </span>
     <span class='ocr_line' id='line_1_37' title="bbox 493 3359 2878 3456; baseline 0.002 -24"><span class='ocrx_word' id='word_1_340' title='bbox 493 3384 578 3446; x_wconf 91' lang='lat' dir='ltr'>to,</span> <span class='ocrx_word' id='word_1_341' title='bbox 610 3371 811 3433; x_wconf 88' lang='lat' dir='ltr'>rhedis</span> <span class='ocrx_word' id='word_1_342' title='bbox 857 3372 1145 3453; x_wconf 89' lang='lat' dir='ltr'>equisque</span> <span class='ocrx_word' id='word_1_343' title='bbox 1174 3391 1310 3433; x_wconf 90' lang='lat' dir='ltr'>com</span> <span class='ocrx_word' id='word_1_344' title='bbox 1357 3372 1642 3448; x_wconf 90' lang='lat' dir='ltr'>rehensis,</span> <span class='ocrx_word' id='word_1_345' title='bbox 1689 3372 1883 3456; x_wconf 87' lang='lat' dir='ltr'>ipsum</span> <span class='ocrx_word' id='word_1_346' title='bbox 1929 3372 2190 3455; x_wconf 83' lang='lat' dir='ltr'>effugere</span> <span class='ocrx_word' id='word_1_347' title='bbox 2234 3387 2507 3436; x_wconf 84' lang='lat' dir='ltr'>mortem.</span> <span class='ocrx_word' id='word_1_348' title='bbox 2593 3371 2717 3436; x_wconf 87' lang='lat' dir='ltr'>Sed</span> <span class='ocrx_word' id='word_1_349' title='bbox 2746 3359 2878 3436; x_wconf 70' lang='lat' dir='ltr'>boc</span> 
     </span>
     <span class='ocr_line' id='line_1_38' title="bbox 493 3454 2880 3545; baseline 0.003 -30"><span class='ocrx_word' id='word_1_350' title='bbox 493 3475 570 3516; x_wconf 89' lang='lat' dir='ltr'>eo</span> <span class='ocrx_word' id='word_1_351' title='bbox 593 3454 819 3518; x_wconf 82' lang='lat' dir='ltr'>factum</span> <span class='ocrx_word' id='word_1_352' title='bbox 850 3468 957 3532; x_wconf 87' lang='lat' dir='ltr'>est,</span> <span class='ocrx_word' id='word_1_353' title='bbox 990 3455 1154 3538; x_wconf 78' lang='lat' dir='ltr'>quod</span> <span class='ocrx_word' id='word_1_354' title='bbox 1185 3455 1300 3517; x_wconf 85' lang='lat' dir='ltr'>aed·</span> <span class='ocrx_word' id='word_1_355' title='bbox 1351 3455 1449 3517; x_wconf 92' lang='lat' dir='ltr'>cio</span> <span class='ocrx_word' id='word_1_356' title='bbox 1479 3455 1855 3519; x_wconf 89' lang='lat' dir='ltr'>circumdato</span> <span class='ocrx_word' id='word_1_357' title='bbox 1884 3457 2037 3521; x_wconf 70' lang='lat' dir='ltr'>silva</span> <span class='ocrx_word' id='word_1_358' title='bbox 2080 3457 2174 3545; x_wconf 91' lang='lat' dir='ltr'>(ut</span> <span class='ocrx_word' id='word_1_359' title='bbox 2217 3471 2355 3521; x_wconf 81' lang='lat' dir='ltr'>sunt</span> <span class='ocrx_word' id='word_1_360' title='bbox 2395 3458 2522 3522; x_wconf 73' lang='lat' dir='ltr'>sere</span> <span class='ocrx_word' id='word_1_361' title='bbox 2566 3457 2880 3522; x_wconf 86' lang='lat' dir='ltr'>domicilia</span> 
     </span>
     <span class='ocr_line' id='line_1_39' title="bbox 470 3595 2879 3708; baseline 0.003 -64"><span class='ocrx_word' id='word_1_362' title='bbox 470 3599 516 3644; x_wconf 77' lang='lat'>9.</span> <span class='ocrx_word' id='word_1_363' title='bbox 553 3596 666 3646; x_wconf 63' lang='lat' dir='ltr'>Hae</span> <span class='ocrx_word' id='word_1_364' title='bbox 696 3595 893 3645; x_wconf 67' lang='lat' dir='ltr'>studione</span> <span class='ocrx_word' id='word_1_365' title='bbox 921 3598 1210 3708; x_wconf 53' lang='lat' dir='ltr'>conmutata!</span> <span class='ocrx_word' id='word_1_366' title='bbox 1244 3598 1428 3646; x_wconf 80' lang='lat' dir='ltr'>Eadem</span> <span class='ocrx_word' id='word_1_367' title='bbox 1463 3601 1609 3648; x_wconf 79' lang='lat' dir='ltr'>habet</span> <span class='ocrx_word' id='word_1_368' title='bbox 1670 3600 2879 3666; x_wconf 53' lang='lat' dir='ltr'>bomnupomagnaqtfidemvedmhmdmugniffl·</span> 
     </span>
     <span class='ocr_line' id='line_1_40' title="bbox 405 3659 2882 3740; baseline 0.003 -33"><span class='ocrx_word' id='word_1_369' title='bbox 405 3659 592 3708; x_wconf 76' lang='lat' dir='ltr'>Plinius</span> <span class='ocrx_word' id='word_1_370' title='bbox 614 3659 694 3706; x_wconf 79' lang='lat' dir='ltr'>lib.</span> <span class='ocrx_word' id='word_1_371' title='bbox 719 3673 783 3707; x_wconf 77' lang='grc' dir='ltr'>ιι.</span> <span class='ocrx_word' id='word_1_372' title='bbox 852 3659 1085 3708; x_wconf 72' lang='lat' dir='ltr'>Uror-ime</span> <span class='ocrx_word' id='word_1_373' title='bbox 1181 3661 1191 3672; x_wconf 75' lang='lat'>⁸</span> <span class='ocrx_word' id='word_1_374' title='bbox 1293 3661 1491 3708; x_wconf 74' lang='lat' dir='ltr'>Barbari</span> <span class='ocrx_word' id='word_1_375' title='bbox 1507 3676 1607 3735; x_wconf 69' lang='lat' dir='ltr'>sep·</span> <span class='ocrx_word' id='word_1_376' title='bbox 1670 3664 1779 3712; x_wconf 76' lang='lat' dir='ltr'>dine</span> <span class='ocrx_word' id='word_1_377' title='bbox 1801 3667 1951 3721; x_wconf 67' lang='lat' dir='ltr'>tamid,</span> <span class='ocrx_word' id='word_1_378' title='bbox 1984 3670 2210 3728; x_wconf 69' lang='lat' dir='ltr'>quartum</span> <span class='ocrx_word' id='word_1_379' title='bbox 2241 3665 2478 3729; x_wconf 63' lang='lat' dir='ltr'>seriptum</span> <span class='ocrx_word' id='word_1_380' title='bbox 2500 3679 2657 3740; x_wconf 66' lang='lat' dir='ltr'>reg-un</span> <span class='ocrx_word' id='word_1_381' title='bbox 2678 3665 2882 3713; x_wconf 62' lang='lat' dir='ltr'>hailide-</span> 
     </span>
     <span class='ocr_line' id='line_1_41' title="bbox 408 3711 2885 3795; baseline 0.003 -25"><span class='ocrx_word' id='word_1_382' title='bbox 408 3721 709 3795; x_wconf 64' lang='lat' dir='ltr'>tenfn&#39;onales</span> <span class='ocrx_word' id='word_1_383' title='bbox 752 3726 932 3795; x_wconf 57' lang='lat' dir='ltr'>Rotam,</span> <span class='ocrx_word' id='word_1_384' title='bbox 977 3737 1210 3787; x_wconf 69' lang='lat' dir='ltr'>tantaeque</span> <span class='ocrx_word' id='word_1_385' title='bbox 1264 3711 1398 3771; x_wconf 69' lang='lat' dir='ltr'>binas</span> <span class='ocrx_word' id='word_1_386' title='bbox 1452 3725 1617 3789; x_wconf 64' lang='lat' dir='ltr'>capitis</span> <span class='ocrx_word' id='word_1_387' title='bbox 1676 3727 1965 3783; x_wconf 57' lang='lat' dir='ltr'>nmtmadiis</span> <span class='ocrx_word' id='word_1_388' title='bbox 1976 3726 2885 3790; x_wconf 50' lang='lat' dir='ltr'>nauibusqumemmeoenvafiarduen-</span> 
     </span>
     <span class='ocr_line' id='line_1_42' title="bbox 408 3783 2889 3849; baseline 0.003 -17"><span class='ocrx_word' id='word_1_389' title='bbox 408 3793 553 3832; x_wconf 65' lang='lat' dir='ltr'>nunu</span> <span class='ocrx_word' id='word_1_390' title='bbox 575 3798 750 3833; x_wconf 78' lang='lat' dir='ltr'>cornua</span> <span class='ocrx_word' id='word_1_391' title='bbox 769 3799 833 3831; x_wconf 74' lang='lat' dir='ltr'>tm</span> <span class='ocrx_word' id='word_1_392' title='bbox 869 3783 979 3832; x_wconf 75' lang='lat' dir='ltr'>lent.</span> <span class='ocrx_word' id='word_1_393' title='bbox 1049 3785 1246 3833; x_wconf 75' lang='lat' dir='ltr'>Uror-um</span> <span class='ocrx_word' id='word_1_394' title='bbox 1276 3784 1432 3849; x_wconf 70' lang='lat' dir='ltr'>pond,</span> <span class='ocrx_word' id='word_1_395' title='bbox 1465 3787 1617 3847; x_wconf 87' lang='lat' dir='ltr'>inquit</span> <span class='ocrx_word' id='word_1_396' title='bbox 1676 3795 1977 3838; x_wconf 69' lang='lat' dir='ltr'>nummum.</span> <span class='ocrx_word' id='word_1_397' title='bbox 2042 3790 2265 3837; x_wconf 72' lang='lat' dir='ltr'>Fortasse</span> <span class='ocrx_word' id='word_1_398' title='bbox 2279 3799 2390 3837; x_wconf 80' lang='lat' dir='ltr'>ante</span> <span class='ocrx_word' id='word_1_399' title='bbox 2401 3790 2651 3838; x_wconf 76' lang='lat' dir='ltr'>Strabonis</span> <span class='ocrx_word' id='word_1_400' title='bbox 2664 3799 2889 3849; x_wconf 72' lang='lat' dir='ltr'>tempora</span> 
     </span>
     <span class='ocr_line' id='line_1_43' title="bbox 412 3799 2882 3921; baseline 0.002 -27"><span class='ocrx_word' id='word_1_401' title='bbox 412 3846 601 3894; x_wconf 72' lang='lat' dir='ltr'>Solinus</span> <span class='ocrx_word' id='word_1_402' title='bbox 638 3861 744 3905; x_wconf 80' lang='lat' dir='ltr'>cap.</span> <span class='ocrx_word' id='word_1_403' title='bbox 785 3799 867 3894; x_wconf 47' lang='grc' dir='ltr'>Α,</span> <span class='ocrx_word' id='word_1_404' title='bbox 895 3846 1088 3895; x_wconf 71' lang='lat' dir='ltr'>tam-ina</span> <span class='ocrx_word' id='word_1_405' title='bbox 1123 3861 1298 3895; x_wconf 78' lang='lat' dir='ltr'>cornua</span> <span class='ocrx_word' id='word_1_406' title='bbox 1338 3848 1410 3921; x_wconf 63' lang='lat' dir='ltr'>in⁴</span> <span class='ocrx_word' id='word_1_407' title='bbox 1435 3854 1618 3921; x_wconf 53' lang='lat' dir='ltr'>lantum</span> <span class='ocrx_word' id='word_1_408' title='bbox 1678 3853 1835 3914; x_wconf 74' lang='lat' dir='ltr'>major</span> <span class='ocrx_word' id='word_1_409' title='bbox 1873 3853 2040 3899; x_wconf 80' lang='lat' dir='ltr'>fuerat.</span> <span class='ocrx_word' id='word_1_410' title='bbox 2136 3853 2212 3899; x_wconf 74' lang='lat' dir='ltr'>Ea</span> <span class='ocrx_word' id='word_1_411' title='bbox 2247 3852 2359 3900; x_wconf 64' lang='lat' dir='ltr'>vero</span> <span class='ocrx_word' id='word_1_412' title='bbox 2394 3867 2521 3900; x_wconf 82' lang='lat' dir='ltr'>nunc</span> <span class='ocrx_word' id='word_1_413' title='bbox 2558 3852 2589 3901; x_wconf 69' lang='grc' dir='ltr'>δ,</span> <span class='ocrx_word' id='word_1_414' title='bbox 2627 3853 2882 3900; x_wconf 67' lang='lat' dir='ltr'>Straboni·</span> 
     </span>
     <span class='ocr_line' id='line_1_44' title="bbox 408 3908 2885 3984; baseline 0.002 -28"><span class='ocrx_word' id='word_1_415' title='bbox 408 3908 598 3981; x_wconf 63' lang='lat' dir='ltr'>modum</span> <span class='ocrx_word' id='word_1_416' title='bbox 628 3908 983 3984; x_wconf 63' lang='lat' dir='ltr'>protenduntur,</span> <span class='ocrx_word' id='word_1_417' title='bbox 1013 3914 1065 3956; x_wconf 66' lang='lat' dir='ltr'>us</span> <span class='ocrx_word' id='word_1_418' title='bbox 1094 3909 1280 3973; x_wconf 76' lang='lat' dir='ltr'>dempta</span> <span class='ocrx_word' id='word_1_419' title='bbox 1306 3909 1363 3957; x_wconf 84' lang='lat' dir='ltr'>ob</span> <span class='ocrx_word' id='word_1_420' title='bbox 1389 3925 1619 3973; x_wconf 64' lang='lat' dir='ltr'>mugnem</span> <span class='ocrx_word' id='word_1_421' title='bbox 1680 3923 1893 3974; x_wconf 83' lang='lat' dir='ltr'>tempore</span> <span class='ocrx_word' id='word_1_422' title='bbox 1925 3913 2066 3976; x_wconf 69' lang='lat' dir='ltr'>longe</span> <span class='ocrx_word' id='word_1_423' title='bbox 2087 3913 2242 3962; x_wconf 86' lang='lat' dir='ltr'>minor</span> <span class='ocrx_word' id='word_1_424' title='bbox 2268 3923 2338 3962; x_wconf 84' lang='lat' dir='ltr'>est</span> <span class='ocrx_word' id='word_1_425' title='bbox 2367 3914 2540 3963; x_wconf 77' lang='lat' dir='ltr'>effecta</span> <span class='ocrx_word' id='word_1_426' title='bbox 2556 3930 2571 3974; x_wconf 77' lang='lat'><em>3</em></span> <span class='ocrx_word' id='word_1_427' title='bbox 2603 3915 2734 3962; x_wconf 87' lang='lat' dir='ltr'>cultu</span> <span class='ocrx_word' id='word_1_428' title='bbox 2754 3915 2885 3972; x_wconf 75' lang='lat' dir='ltr'>enim</span> 
     </span>
     <span class='ocr_line' id='line_1_45' title="bbox 409 3974 2458 4039; baseline 0.003 -22"><span class='ocrx_word' id='word_1_429' title='bbox 409 3977 710 4033; x_wconf 70' lang='lat' dir='ltr'>capacitatem</span> <span class='ocrx_word' id='word_1_430' title='bbox 739 3977 860 4019; x_wconf 75' lang='lat' dir='ltr'>mter</span> <span class='ocrx_word' id='word_1_431' title='bbox 880 3985 1033 4034; x_wconf 64' lang='lat' dir='ltr'>regim</span> <span class='ocrx_word' id='word_1_432' title='bbox 1055 3986 1231 4019; x_wconf 69' lang='lat' dir='ltr'>menam</span> <span class='ocrx_word' id='word_1_433' title='bbox 1309 3978 1440 4021; x_wconf 74' lang='lat' dir='ltr'>tuum</span> <span class='ocrx_word' id='word_1_434' title='bbox 1496 3974 1617 4022; x_wconf 73' lang='lat' dir='ltr'>eruli</span> <span class='ocrx_word' id='word_1_435' title='bbox 1679 3991 1901 4039; x_wconf 82' lang='lat' dir='ltr'>agrorum</span> <span class='ocrx_word' id='word_1_436' title='bbox 1925 3985 2209 4038; x_wconf 81' lang='lat' dir='ltr'>augescente</span> <span class='ocrx_word' id='word_1_437' title='bbox 2230 3985 2458 4024; x_wconf 77' lang='lat' dir='ltr'>vastatur.</span> 
     </span>
     <span class='ocr_line' id='line_1_46' title="bbox 396 4030 2888 4103; baseline 0.003 -24"><span class='ocrx_word' id='word_1_438' title='bbox 396 4030 543 4095; x_wconf 71' lang='lat' dir='ltr'>fiant.</span> <span class='ocrx_word' id='word_1_439' title='bbox 609 4034 671 4082; x_wconf 76' lang='lat' dir='ltr'>lis</span> <span class='ocrx_word' id='word_1_440' title='bbox 703 4034 925 4081; x_wconf 81' lang='lat' dir='ltr'>cornibus</span> <span class='ocrx_word' id='word_1_441' title='bbox 955 4043 1169 4094; x_wconf 81' lang='lat' dir='ltr'>tempore</span> <span class='ocrx_word' id='word_1_442' title='bbox 1250 4035 1393 4096; x_wconf 72' lang='lat' dir='ltr'>egeni</span> <span class='ocrx_word' id='word_1_443' title='bbox 1415 4050 1469 4082; x_wconf 81' lang='lat' dir='ltr'>us</span> <span class='ocrx_word' id='word_1_444' title='bbox 1507 4044 1618 4083; x_wconf 78' lang='lat' dir='ltr'>sunt</span> <span class='ocrx_word' id='word_1_445' title='bbox 1740 4041 1818 4087; x_wconf 80' lang='lat'>23.</span> <span class='ocrx_word' id='word_1_446' title='bbox 1849 4039 2147 4101; x_wconf 60' lang='lat' dir='ltr'>nimbusque</span> <span class='ocrx_word' id='word_1_447' title='bbox 2178 4053 2255 4086; x_wconf 80' lang='lat' dir='ltr'>am</span> <span class='ocrx_word' id='word_1_448' title='bbox 2289 4039 2381 4087; x_wconf 71' lang='lat' dir='ltr'>lim</span> <span class='ocrx_word' id='word_1_449' title='bbox 2400 4055 2451 4088; x_wconf 82' lang='lat' dir='ltr'>n.</span> <span class='ocrx_word' id='word_1_450' title='bbox 2471 4039 2523 4087; x_wconf 70' lang='grc' dir='ltr'>ὄπ</span> <span class='ocrx_word' id='word_1_451' title='bbox 2543 4037 2888 4103; x_wconf 55' lang='lat' dir='ltr'>wadium</span> 
     </span>
     <span class='ocr_line' id='line_1_47' title="bbox 410 4093 2886 4164; baseline 0.003 -24"><span class='ocrx_word' id='word_1_452' title='bbox 410 4093 615 4143; x_wconf 82' lang='lat' dir='ltr'>Romani</span> <span class='ocrx_word' id='word_1_453' title='bbox 638 4097 686 4143; x_wconf 89' lang='lat' dir='ltr'>in</span> <span class='ocrx_word' id='word_1_454' title='bbox 710 4096 833 4144; x_wconf 81' lang='lat' dir='ltr'>bello</span> <span class='ocrx_word' id='word_1_455' title='bbox 870 4098 932 4144; x_wconf 81' lang='lat' dir='ltr'>ad</span> <span class='ocrx_word' id='word_1_456' title='bbox 955 4098 1092 4159; x_wconf 80' lang='lat' dir='ltr'>signa</span> <span class='ocrx_word' id='word_1_457' title='bbox 1112 4097 1316 4155; x_wconf 76' lang='lat' dir='ltr'>vocalia,</span> <span class='ocrx_word' id='word_1_458' title='bbox 1337 4105 1389 4144; x_wconf 87' lang='lat' dir='ltr'>ut</span> <span class='ocrx_word' id='word_1_459' title='bbox 1411 4100 1544 4157; x_wconf 83' lang='lat' dir='ltr'>tuba,</span> <span class='ocrx_word' id='word_1_460' title='bbox 1566 4109 1621 4146; x_wconf 87' lang='lat' dir='ltr'>ut</span> <span class='ocrx_word' id='word_1_461' title='bbox 1672 4102 1841 4164; x_wconf 54' lang='lat' dir='ltr'>palen]</span> <span class='ocrx_word' id='word_1_462' title='bbox 1878 4101 2072 4148; x_wconf 84' lang='lat' dir='ltr'>Orosius</span> <span class='ocrx_word' id='word_1_463' title='bbox 2275 4108 2327 4149; x_wconf 77' lang='lat' dir='ltr'>at</span> <span class='ocrx_word' id='word_1_464' title='bbox 2349 4117 2427 4161; x_wconf 83' lang='lat'>1..;</span> <span class='ocrx_word' id='word_1_465' title='bbox 2460 4103 2544 4150; x_wconf 76' lang='lat' dir='ltr'>sed</span> <span class='ocrx_word' id='word_1_466' title='bbox 2566 4102 2614 4150; x_wconf 91' lang='lat' dir='ltr'>in</span> <span class='ocrx_word' id='word_1_467' title='bbox 2636 4101 2756 4150; x_wconf 67' lang='lat' dir='ltr'>nilvi</span> <span class='ocrx_word' id='word_1_468' title='bbox 2774 4115 2886 4160; x_wconf 69' lang='lat' dir='ltr'>quo</span> 
     </span>
     <span class='ocr_line' id='line_1_48' title="bbox 412 4157 2465 4222; baseline 0.004 -19"><span class='ocrx_word' id='word_1_469' title='bbox 412 4157 630 4206; x_wconf 80' lang='lat' dir='ltr'>buccina.</span> <span class='ocrx_word' id='word_1_470' title='bbox 1681 4164 1878 4210; x_wconf 67' lang='lat' dir='ltr'>ceditur</span> <span class='ocrx_word' id='word_1_471' title='bbox 1898 4164 2015 4209; x_wconf 85' lang='lat' dir='ltr'>nihil</span> <span class='ocrx_word' id='word_1_472' title='bbox 2036 4171 2194 4222; x_wconf 80' lang='lat' dir='ltr'>potest</span> <span class='ocrx_word' id='word_1_473' title='bbox 2208 4178 2312 4211; x_wconf 81' lang='lat' dir='ltr'>esso</span> <span class='ocrx_word' id='word_1_474' title='bbox 2333 4166 2465 4212; x_wconf 86' lang='lat' dir='ltr'>certi.</span> 
     </span>
     <span class='ocr_line' id='line_1_49' title="bbox 478 4220 2888 4289; baseline 0.003 -23"><span class='ocrx_word' id='word_1_475' title='bbox 478 4223 548 4266; x_wconf 82' lang='lat'>19.</span> <span class='ocrx_word' id='word_1_476' title='bbox 587 4221 638 4270; x_wconf 83' lang='lat' dir='ltr'>C.</span> <span class='ocrx_word' id='word_1_477' title='bbox 661 4220 916 4269; x_wconf 63' lang='lat' dir='ltr'>Volcatium</span> <span class='ocrx_word' id='word_1_478' title='bbox 940 4220 1167 4283; x_wconf 70' lang='lat' dir='ltr'>Tullum]</span> <span class='ocrx_word' id='word_1_479' title='bbox 1203 4221 1617 4270; x_wconf 55' lang='lat' dir='ltr'>effeto-nurum</span> <span class='ocrx_word' id='word_1_480' title='bbox 1741 4227 1819 4271; x_wconf 76' lang='lat'>24.</span> <span class='ocrx_word' id='word_1_481' title='bbox 1853 4225 1905 4273; x_wconf 89' lang='lat' dir='ltr'>L.</span> <span class='ocrx_word' id='word_1_482' title='bbox 1922 4225 2179 4273; x_wconf 70' lang='lat' dir='ltr'>Minatium</span> <span class='ocrx_word' id='word_1_483' title='bbox 2194 4225 2443 4289; x_wconf 65' lang='lat' dir='ltr'>Bonum]</span> <span class='ocrx_word' id='word_1_484' title='bbox 2478 4228 2534 4276; x_wconf 78' lang='lat'>1..</span> <span class='ocrx_word' id='word_1_485' title='bbox 2551 4225 2888 4274; x_wconf 65' lang='lat' dir='ltr'>nunnitus&amp;-</span> 
     </span>
    </p>
   </div>
   <div class='ocr_carea' id='block_1_3' title="bbox 410 4283 2890 4350">
    <p class='ocr_par' dir='ltr' id='par_1_3' title="bbox 410 4283 2890 4350">
     <span class='ocr_line' id='line_1_50' title="bbox 410 4283 2890 4350; baseline 0.004 -23"><span class='ocrx_word' id='word_1_486' title='bbox 410 4289 549 4341; x_wconf 75' lang='lat' dir='ltr'>pater</span> <span class='ocrx_word' id='word_1_487' title='bbox 571 4286 729 4331; x_wconf 71' lang='lat' dir='ltr'>suerat</span> <span class='ocrx_word' id='word_1_488' title='bbox 752 4283 916 4331; x_wconf 79' lang='lat' dir='ltr'>consul</span> <span class='ocrx_word' id='word_1_489' title='bbox 931 4284 1154 4341; x_wconf 82' lang='lat' dir='ltr'>triennio,</span> <span class='ocrx_word' id='word_1_490' title='bbox 1175 4291 1430 4342; x_wconf 79' lang='lat' dir='ltr'>antequam</span> <span class='ocrx_word' id='word_1_491' title='bbox 1453 4286 1617 4332; x_wconf 71' lang='lat' dir='ltr'>finisset</span> <span class='ocrx_word' id='word_1_492' title='bbox 1680 4286 1792 4334; x_wconf 76' lang='lat' dir='ltr'>silue</span> <span class='ocrx_word' id='word_1_493' title='bbox 1814 4287 1937 4335; x_wconf 77' lang='lat' dir='ltr'>inter</span> <span class='ocrx_word' id='word_1_494' title='bbox 1958 4287 2233 4349; x_wconf 79' lang='lat' dir='ltr'>conjuratos</span> <span class='ocrx_word' id='word_1_495' title='bbox 2254 4297 2377 4346; x_wconf 83' lang='lat' dir='ltr'>erat,</span> <span class='ocrx_word' id='word_1_496' title='bbox 2397 4288 2427 4338; x_wconf 70' lang='grc' dir='ltr'><strong>ὶ</strong></span> <span class='ocrx_word' id='word_1_497' title='bbox 2446 4289 2614 4350; x_wconf 75' lang='lat' dir='ltr'>quibus</span> <span class='ocrx_word' id='word_1_498' title='bbox 2630 4289 2798 4336; x_wconf 68' lang='lat' dir='ltr'>Cesar</span> <span class='ocrx_word' id='word_1_499' title='bbox 2810 4297 2890 4336; x_wconf 74' lang='lat' dir='ltr'>est</span> 
     </span>
    </p>
   </div>
   <div class='ocr_carea' id='block_1_4' title="bbox 411 4342 2888 4470">
    <p class='ocr_par' dir='ltr' id='par_1_4' title="bbox 411 4342 2888 4470">
     <span class='ocr_line' id='line_1_51' title="bbox 411 4342 2888 4411; baseline 0.003 -20"><span class='ocrx_word' id='word_1_500' title='bbox 411 4342 591 4391; x_wconf 73' lang='lat' dir='ltr'>Cicero</span> <span class='ocrx_word' id='word_1_501' title='bbox 607 4347 802 4393; x_wconf 75' lang='lat' dir='ltr'>consul:</span> <span class='ocrx_word' id='word_1_502' title='bbox 835 4346 969 4406; x_wconf 78' lang='lat' dir='ltr'>cujus</span> <span class='ocrx_word' id='word_1_503' title='bbox 987 4347 1087 4405; x_wconf 80' lang='lat' dir='ltr'>ipse</span> <span class='ocrx_word' id='word_1_504' title='bbox 1103 4346 1315 4393; x_wconf 85' lang='lat' dir='ltr'>meminit</span> <span class='ocrx_word' id='word_1_505' title='bbox 1339 4347 1510 4407; x_wconf 81' lang='lat' dir='ltr'>Philip.</span> <span class='ocrx_word' id='word_1_506' title='bbox 1528 4363 1585 4395; x_wconf 85' lang='lat' dir='ltr'>u.</span> <span class='ocrx_word' id='word_1_507' title='bbox 1680 4349 1966 4397; x_wconf 73' lang='lat' dir='ltr'>interfectus.</span> <span class='ocrx_word' id='word_1_508' title='bbox 2032 4351 2180 4398; x_wconf 78' lang='lat' dir='ltr'>Extat</span> <span class='ocrx_word' id='word_1_509' title='bbox 2200 4352 2263 4399; x_wconf 83' lang='lat' dir='ltr'>ad</span> <span class='ocrx_word' id='word_1_510' title='bbox 2279 4366 2387 4399; x_wconf 86' lang='lat' dir='ltr'>eum</span> <span class='ocrx_word' id='word_1_511' title='bbox 2402 4351 2649 4400; x_wconf 72' lang='lat' dir='ltr'>Ciceronis</span> <span class='ocrx_word' id='word_1_512' title='bbox 2661 4351 2888 4411; x_wconf 71' lang='lat' dir='ltr'>epistola,</span> 
     </span>
     <span class='ocr_line' id='line_1_52' title="bbox 473 4406 2171 4470; baseline 0.006 -20"><span class='ocrx_word' id='word_1_513' title='bbox 473 4406 551 4451; x_wconf 81' lang='lat'>21.</span> <span class='ocrx_word' id='word_1_514' title='bbox 585 4408 682 4454; x_wconf 85' lang='lat' dir='ltr'>Per</span> <span class='ocrx_word' id='word_1_515' title='bbox 701 4409 1004 4457; x_wconf 72' lang='lat' dir='ltr'>Arduennam</span> <span class='ocrx_word' id='word_1_516' title='bbox 1025 4408 1224 4470; x_wconf 67' lang='lat' dir='ltr'>silem-J</span> <span class='ocrx_word' id='word_1_517' title='bbox 1259 4408 1334 4455; x_wconf 90' lang='lat' dir='ltr'>De</span> <span class='ocrx_word' id='word_1_518' title='bbox 1358 4409 1617 4457; x_wconf 58' lang='lat' dir='ltr'>Arduenna</span> <span class='ocrx_word' id='word_1_519' title='bbox 1677 4411 1757 4458; x_wconf 86' lang='lat' dir='ltr'>lib.</span> <span class='ocrx_word' id='word_1_520' title='bbox 1782 4427 1891 4461; x_wconf 78' lang='lat' dir='ltr'>vm.</span> <span class='ocrx_word' id='word_1_521' title='bbox 1913 4414 1975 4459; x_wconf 77' lang='lat' dir='ltr'>ad</span> <span class='ocrx_word' id='word_1_522' title='bbox 1997 4412 2171 4461; x_wconf 83' lang='lat' dir='ltr'>Famil.</span> 
     </span>
    </p>
   </div>
   <div class='ocr_carea' id='block_1_5' title="bbox 409 4464 2891 4724">
    <p class='ocr_par' dir='ltr' id='par_1_5' title="bbox 409 4464 2891 4724">
     <span class='ocr_line' id='line_1_53' title="bbox 409 4464 2888 4538; baseline 0.004 -25"><span class='ocrx_word' id='word_1_523' title='bbox 409 4464 481 4513; x_wconf 83' lang='lat' dir='ltr'>ita</span> <span class='ocrx_word' id='word_1_524' title='bbox 512 4468 657 4515; x_wconf 81' lang='lat' dir='ltr'>habet</span> <span class='ocrx_word' id='word_1_525' title='bbox 696 4471 886 4528; x_wconf 77' lang='lat' dir='ltr'>Strabo,</span> <span class='ocrx_word' id='word_1_526' title='bbox 925 4470 1004 4517; x_wconf 85' lang='lat' dir='ltr'>lib.</span> <span class='ocrx_word' id='word_1_527' title='bbox 1047 4485 1114 4520; x_wconf 78' lang='lat' dir='ltr'>tv.</span> <span class='ocrx_word' id='word_1_528' title='bbox 1169 4469 1298 4523; x_wconf 75' lang='grc' dir='ltr'>’τλη</span> <span class='ocrx_word' id='word_1_529' title='bbox 1324 4473 1390 4533; x_wconf 71' lang='grc' dir='ltr'>γ’</span> <span class='ocrx_word' id='word_1_530' title='bbox 1446 4474 1528 4524; x_wconf 72' lang='lat' dir='ltr'>ire·</span> <span class='ocrx_word' id='word_1_531' title='bbox 1551 4473 1618 4524; x_wconf 67' lang='grc' dir='ltr'>οῦν</span> <span class='ocrx_word' id='word_1_532' title='bbox 1738 4475 1816 4522; x_wconf 83' lang='grc'>31.</span> <span class='ocrx_word' id='word_1_533' title='bbox 1848 4473 2057 4523; x_wconf 63' lang='lat' dir='ltr'>Multum</span> <span class='ocrx_word' id='word_1_534' title='bbox 2108 4490 2222 4524; x_wconf 78' lang='lat' dir='ltr'>uum</span> <span class='ocrx_word' id='word_1_535' title='bbox 2256 4476 2310 4524; x_wconf 78' lang='lat' dir='ltr'>in</span> <span class='ocrx_word' id='word_1_536' title='bbox 2345 4475 2555 4526; x_wconf 73' lang='grc' dir='ltr'>ωηηίὁω</span> <span class='ocrx_word' id='word_1_537' title='bbox 2583 4475 2735 4534; x_wconf 72' lang='lat' dir='ltr'>rebus,</span> <span class='ocrx_word' id='word_1_538' title='bbox 2772 4474 2888 4538; x_wconf 63' lang='grc' dir='ltr'>ὅτε]</span> 
     </span>
     <span class='ocr_line' id='line_1_54' title="bbox 414 4492 2889 4612; baseline 0.006 -38"><span class='ocrx_word' id='word_1_539' title='bbox 414 4525 602 4586; x_wconf 54' lang='lat' dir='ltr'>mmm·</span> <span class='ocrx_word' id='word_1_540' title='bbox 623 4528 800 4612; x_wconf 60' lang='grc' dir='ltr'>ζιδςὸν,</span> <span class='ocrx_word' id='word_1_541' title='bbox 825 4535 977 4583; x_wconf 56' lang='lat' dir='ltr'>roxani</span> <span class='ocrx_word' id='word_1_542' title='bbox 995 4535 1087 4594; x_wconf 69' lang='grc' dir='ltr'>μὶν,</span> <span class='ocrx_word' id='word_1_543' title='bbox 1109 4536 1136 4582; x_wconf 67' lang='grc' dir='ltr'>ὗ</span> <span class='ocrx_word' id='word_1_544' title='bbox 1166 4492 1438 4590; x_wconf 34' lang='lat' dir='ltr'>«nabaz,</span> <span class='ocrx_word' id='word_1_545' title='bbox 1462 4536 1559 4587; x_wconf 69' lang='grc' dir='ltr'>ἴση·</span> <span class='ocrx_word' id='word_1_546' title='bbox 1579 4536 1618 4582; x_wconf 77' lang='lat' dir='ltr'>u‘</span> <span class='ocrx_word' id='word_1_547' title='bbox 1678 4536 1734 4584; x_wconf 79' lang='lat' dir='ltr'>ld</span> <span class='ocrx_word' id='word_1_548' title='bbox 1767 4545 1837 4584; x_wconf 80' lang='lat' dir='ltr'>est</span> <span class='ocrx_word' id='word_1_549' title='bbox 1881 4539 2008 4596; x_wconf 90' lang='lat' dir='ltr'>quod</span> <span class='ocrx_word' id='word_1_550' title='bbox 2095 4539 2224 4586; x_wconf 88' lang='lat' dir='ltr'>icero</span> <span class='ocrx_word' id='word_1_551' title='bbox 2258 4539 2339 4586; x_wconf 88' lang='lat' dir='ltr'>Or.</span> <span class='ocrx_word' id='word_1_552' title='bbox 2376 4554 2465 4599; x_wconf 87' lang='lat' dir='ltr'>pro</span> <span class='ocrx_word' id='word_1_553' title='bbox 2502 4539 2705 4586; x_wconf 79' lang='lat' dir='ltr'>Marcel.</span> <span class='ocrx_word' id='word_1_554' title='bbox 2768 4537 2889 4588; x_wconf 75' lang='lat' dir='ltr'>For·</span> 
     </span>
     <span class='ocr_line' id='line_1_55' title="bbox 411 4591 2891 4674; baseline 0.006 -36"><span class='ocrx_word' id='word_1_555' title='bbox 411 4591 518 4666; x_wconf 49' lang='lat'>&#39;21⁷7</span> <span class='ocrx_word' id='word_1_556' title='bbox 608 4612 662 4643; x_wconf 69' lang='lat' dir='ltr'>ue</span> <span class='ocrx_word' id='word_1_557' title='bbox 694 4601 884 4674; x_wconf 48' lang='lat' dir='ltr'>uginus</span> <span class='ocrx_word' id='word_1_558' title='bbox 922 4608 1292 4663; x_wconf 62' lang='grc' dir='ltr'>τιτμωεχιλωη</span> <span class='ocrx_word' id='word_1_559' title='bbox 1325 4597 1498 4652; x_wconf 56' lang='lat' dir='ltr'>edim,</span> <span class='ocrx_word' id='word_1_560' title='bbox 1531 4618 1614 4646; x_wconf 69' lang='lat' dir='ltr'>na·</span> <span class='ocrx_word' id='word_1_561' title='bbox 1676 4602 1794 4647; x_wconf 68' lang='lat' dir='ltr'>luna</span> <span class='ocrx_word' id='word_1_562' title='bbox 1827 4600 2084 4652; x_wconf 62' lang='lat' dir='ltr'>maximam</span> <span class='ocrx_word' id='word_1_563' title='bbox 2111 4605 2297 4665; x_wconf 52' lang='grc' dir='ltr'>ΜΝ</span> <span class='ocrx_word' id='word_1_564' title='bbox 2336 4599 2447 4652; x_wconf 65' lang='lat' dir='ltr'>belli</span> <span class='ocrx_word' id='word_1_565' title='bbox 2487 4615 2621 4665; x_wconf 69' lang='lat' dir='ltr'>quw</span> <span class='ocrx_word' id='word_1_566' title='bbox 2659 4615 2744 4651; x_wconf 68' lang='lat' dir='ltr'>Suo</span> <span class='ocrx_word' id='word_1_567' title='bbox 2769 4613 2891 4666; x_wconf 57' lang='grc' dir='ltr'>,ιω</span> 
     </span>
     <span class='ocr_line' id='line_1_56' title="bbox 411 4653 1895 4724; baseline 0.004 -21"><span class='ocrx_word' id='word_1_568' title='bbox 411 4663 516 4709; x_wconf 68' lang='lat' dir='ltr'>uec</span> <span class='ocrx_word' id='word_1_569' title='bbox 583 4656 718 4706; x_wconf 64' lang='grc' dir='ltr'>ἀκὴν</span> <span class='ocrx_word' id='word_1_570' title='bbox 743 4653 983 4723; x_wconf 43' lang='lat' dir='ltr'>Apisa-n.</span> <span class='ocrx_word' id='word_1_571' title='bbox 1018 4660 1618 4724; x_wconf 60' lang='lat' dir='ltr'>&amp;mmmm-mmm·-</span> <span class='ocrx_word' id='word_1_572' title='bbox 1678 4661 1895 4713; x_wconf 72' lang='lat' dir='ltr'>vindieat.</span> 
     </span>
    </p>
   </div>
  </div>
 </body>
</html>
