3059 5050
865 263 992 327 DE
1035 212 1343 328 imm
1388 261 1741 328 msPAN.
1783 263 2085 332 mmm.

2557 262 2567 277 '
2589 281 2708 340 :381

336 412 547 479 XXV.
594 411 940 495 Insequenti
972 414 1070 475 die
1102 414 1231 497 pari
1278 414 1731 491 consuetudine,
1780 436 1964 496 quum
2020 417 2096 479 ad
2140 416 2396 482 eundem
2426 419 2629 485 locum

249 504 378 583 ejus
411 500 765 583 praesidium
784 499 1063 574 venisset,
1097 500 1353 583 pristino
1398 498 1506 561 illo
1560 520 1669 561 suo
1713 501 2035 563 utebantur
2086 504 2375 567 institutO.

247 601 477 671 praeter
532 585 763 665 equites
827 584 996 645 nullo
1040 583 1177 645 loco
1224 605 1404 668 aequo
1450 606 1513 646 se
1556 586 1931 647 committere
1984 588 2306 652 audebant.

2461 505 2629 571 Nam

2418 590 2627 673 Quum

246 671 441 733 nostri
489 671 551 732 in
611 690 797 753 opere
840 682 1055 745 esseut,
1118 672 1385 751 equitum
1431 670 1631 753 copiae
1676 690 2006 732 concursus
2047 672 2247 734 facere
2291 691 2625 759 coeperunt.

248 756 575 838 Simulque
606 754 1071 817 vociferantibus
1092 754 1459 833 legionariis,
1492 775 1676 835 quum
1703 754 1903 816 locum
1927 758 2344 838 efflagitarent,
2377 774 2458 837 ut,
2480 782 2627 823 con·
2670 767 2710 825 5

249 844 403 903 sueti
436 842 693 924 insequi,
731 841 1074 902 existimare
1104 854 1366 922 possent,
1392 860 1453 900 se
1484 840 1895 922 paratissimos
1915 862 2041 902 esse
2084 843 2160 904 ad
2193 844 2625 924 dimicandum,

250 926 443 989 nostri
473 947 551 989 ex
582 925 794 987 humili
824 922 1096 986 convalle
1128 924 1279 985 bene
1309 922 1501 1005 longe
1529 938 1670 986 sunt
1697 926 1942 1007 egressi,
1967 937 2028 990 et
2055 927 2304 1010 planitie
2332 930 2630 1014 iniquiore

250 1012 396 1074 loco
446 1012 858 1074 constiterunt.

968 1007 1063 1069 Illi
1125 1021 1324 1070 tamen
1377 1008 1594 1093 procul
1642 1010 1830 1072 dubio
1879 1011 1956 1073 ad
2001 1015 2518 1094 congrediendum
2564 1016 2625 1079 in

251 1119 497 1179 aequum
561 1096 759 1157 locum
820 1115 939 1155 non
997 1107 1132 1154 sunt
1192 1096 1321 1155 ausi
1365 1094 1750 1183 descendere,
1800 1109 2022 1179 praeter
2067 1118 2250 1159 unum
2299 1100 2623 1163 Antistium

247 1180 648 1265 Turpionem,
696 1180 797 1260 qui
826 1178 1019 1240 fidens
1042 1179 1292 1265 viribus,
1314 1201 1393 1242 ex
1421 1181 1783 1242 adversariis
1807 1181 1918 1243 sibi
1941 1203 2146 1265 parem
2173 1204 2300 1245 esse
2324 1186 2710 1250 neminemlo

247 1269 521 1347 cogitare
565 1264 771 1347 coepit.
863 1261 1006 1340 Hic,
1063 1277 1130 1325 ut
1178 1264 1382 1341 fertur,
1430 1265 1688 1327 Achillis
1733 1264 2199 1351 Memnonisque
2242 1291 2622 1351 congressus.

244 1351 328 1434 Q.
363 1351 693 1435 Pompeius
718 1348 918 1431 Niger
936 1370 1118 1432 eques
1145 1349 1331 1412 Rom.
1353 1348 1690 1412 Italicensis
1708 1372 1786 1412 ex
1812 1352 1944 1413 acie
1968 1354 2172 1415 nostra
2197 1354 2274 1416 ad
2299 1355 2624 1437 congredi-

238 1438 465 1499 endum
491 1456 850 1520 progressus
868 1450 974 1497 est.
1039 1434 1350 1517 Quoniam
1377 1435 1658 1497 ferocitas
1670 1436 1912 1499 Antistii
1934 1439 2203 1501 omnium
2231 1453 2455 1502 mentes
2475 1463 2644 1504 con--

234 1536 501 1584 verterat
521 1522 600 1583 ab
623 1542 806 1603 opere
832 1522 908 1583 ad
931 1521 1344 1605 spectandum,
1371 1526 1531 1583 acies
1552 1535 1689 1582 sunt
1712 1521 2041 1605 dispositae.
2129 1522 2293 1585 Nam
2319 1525 2473 1587 inter
2495 1526 2623 1588 bel-

236 1609 465 1670 latores
497 1607 799 1691 principes
830 1607 1018 1668 dubia
1047 1620 1176 1668 erat
1200 1607 1704 1690 posita-victoria,
1732 1620 1796 1668 ut
1819 1628 2010 1691 prope
2033 1609 2270 1672 videtur
2293 1610 2472 1673 finem
2497 1612 2706 1675 bel-15

236 1693 410 1755 landi
443 1693 699 1754 duorum
731 1692 1013 1753 dirimere
1042 1713 1273 1776 pugna.
1361 1691 1457 1753 Ita
1501 1691 1686 1769 avidi,
1712 1693 2037 1775 cupidique
2083 1715 2324 1756 suarum
2372 1697 2623 1780 quisque

238 1779 505 1862 partium
550 1777 589 1814 ¹*
639 1791 1023 1860 expertorum
1086 1778 1377 1853 virorum,
1441 1776 1865 1859 fautorumque
1923 1779 2204 1841 voluntas
2265 1780 2619 1846 habebatur.

240 1863 523 1946 Quorum
550 1863 765 1924 virtute
812 1862 999 1925 alacri
1032 1884 1217 1944 quum
1251 1864 1334 1925 ad
1364 1863 1777 1924 dimicandum
1812 1863 1871 1925 in
1899 1863 2210 1947 planitiem
2245 1886 2308 1927 se
2335 1867 2622 1929 contulis-

241 1964 392 2025 sent,
420 1963 843 2032 scutorumque
871 1948 1069 2010 laudis
1102 1948 1355 2031 insignis
1385 1948 1758 2032 praesulgens
1787 1969 1939 2031 opus
1969 1949 2274 2027 caelatum,
2306 1972 2561 2033 quorum
2582 1952 2620 1990 ὓ

240 2056 454 2118 pugna
477 2047 628 2096 esset
658 2055 849 2117 prope
878 2033 1151 2117 profecto
1175 2034 1494 2118 dirempta,
1551 2033 1662 2094 nisi
1711 2049 1954 2117 propter
1996 2036 2263 2117 equitum
2306 2036 2345 2073 ¹*
2374 2040 2708 2100 conces-20

239 2142 395 2195 sum,
442 2133 508 2181 ut
553 2141 734 2204 supra
780 2120 1343 2195 demonstravimus,
1389 2119 1538 2181 levis
1582 2132 1890 2181 armatura
1934 2121 2201 2203 praesidii
2237 2122 2452 2183 caussa
2497 2144 2618 2186 uon

238 2205 426 2286 longe
460 2207 535 2267 ab
568 2227 750 2288 opere
780 2218 1115 2267 castrorum
1150 2206 1528 2267 constitisset.
1617 2202 1706 2265 Ut
1737 2217 1974 2266 nostros
2004 2206 2231 2288 equites
2262 2207 2321 2268 in
2350 2225 2615 2291 receptu,

234 2292 380 2353 dum
415 2290 493 2353 ad
519 2304 720 2353 castra
746 2291 1016 2368 redeunt,
1047 2290 1375 2353 adversarii
1403 2291 1684 2374 cupidius
1715 2305 1855 2351 sunt
1883 2291 2152 2369 insecuti,
2178 2294 2460 2369 universi,
2493 2294 2620 2356 cla·

233 2398 406 2439 more
459 2375 621 2438 facto
674 2376 962 2459 impetum
1012 2376 1325 2439 dederunt.

232 2476 452 2540 essent,
485 2461 685 2524 multis
716 2462 971 2539 amissiS,
1003 2463 1062 2525 in
1095 2475 1295 2525 castra
1327 2483 1388 2524 se
1417 2461 1735 2546 recipiunt.

1413 2374 1511 2438 Ita
1563 2390 1725 2437 metu
1773 2377 2091 2459 perterriti,
2135 2398 2318 2460 quum
2365 2380 2424 2439 in
2472 2378 2622 2460 sug-6.

2617 2468 2698 2529 25

322 2546 568 2610 XXVI.
615 2546 836 2611 Caesar
866 2551 946 2610 ob
975 2549 1277 2626 virtutem,
1312 2563 1529 2610 turma?
1579 2545 1900 2611 Cassianae
1947 2548 2201 2611 donavit
2251 2539 2615 2614 millia'xm.

235 2647 294 2696 et
324 2633 616 2718 praefecto
647 2647 888 2716 torques
919 2655 1134 2696 aureos
1191 2657 1262 2697 11.
1312 2648 1371 2696 et
1421 2633 1539 2694 levi
1594 2648 1924 2695 armaturae
1971 2633 2160 2696 millia
2188 2655 2246 2697 x.

2335 2634 2474 2698 Hoc
2521 2636 2621 2699 die

232 2719 311 2781 A.
343 2719 620 2798 Baebius,
651 2734 711 2782 et
742 2718 819 2782 C.
854 2717 1127 2797 FlaviuS,
1182 2735 1240 2782 et
1280 2720 1356 2782 A.
1404 2717 1773 2795 Trebellius,
1822 2721 2050 2802 equites
2081 2718 2352 2782 Romani
2398 2723 2615 2784 Asten-

231 2827 344 2882 seS,
377 2819 632 2888 argento
664 2807 857 2889 prope
884 2806 1024 2867 tecti
1053 2807 1303 2887 equiteS,
1337 2806 1414 2866 ad
1445 2803 1760 2866 Caesarem
1792 2805 2282 2885 transfugerunt3
2328 2808 2429 2888 qui
2463 2828 2616 2868 nun-

229 2891 535 2954 tiaverunt
557 2892 786 2973 equites
816 2890 1003 2953 Rom.
1026 2894 1375 2972 conjurasse
1396 2910 1625 2964 omnes,
1652 2889 1754 2970 qui
1778 2891 1837 2950 in
1858 2891 2070 2951 castris
2097 2889 2375 2973 Pompeii
2400 2895 2702 2968 esseut,30

232 2990 297 3038 ut
321 2977 740 3052 transitionem
761 2976 1055 3056 facerent3
1086 2978 1240 3037 servi
1266 2975 1493 3037 indicio
1519 2993 1728 3035 omnes
1759 2975 1819 3034 in
1852 2974 2188 3036 custodiam
2219 2995 2347 3035 esse
2375 2979 2616 3055 conjec-

230 3077 345 3139 ωε,
380 3063 415 3123 ὲ
449 3062 686 3144 quibuS,
717 3063 1036 3124 occasione
1067 3061 1267 3145 capta,
1290 3081 1381 3122 -se
1428 3058 1840 3138 transfugisse.
1929 3056 2079 3119 Item
2114 3058 2230 3120 hoc
2261 3058 2360 3119 die
2402 3059 2615 3122 litterae

233 3155 373 3209 sunt
425 3147 836 3231 deprehensae,
890 3169 1039 3230 quas
1089 3148 1365 3208 mittebat
1416 3142 1760 3206 Ursaonem
1816 3142 1937 3205 Cn.
2000 3141 2373 3226 Pompeius:
2420 3141 2485 3204 S.
2536 3142 2614 3206 V.

293 3315 336 3363 7.
359 3313 491 3363 Bene
513 3312 650 3376 longe
672 3321 774 3363 sune
791 3315 996 3377 egressi]
1022 3315 1208 3363 Gallica
1231 3314 1433 3374 phrasis.

296 3379 367 3424 ll.
398 3377 632 3439 Achiuis]
667 3378 874 3425 Achilles
900 3379 1025 3425 Pelei
1059 3389 1107 3424 et
1143 3379 1358 3426 Thetidis
1382 3378 1435 3424 fi-

228 3439 334 3494 lius,
359 3450 407 3486 et
427 3442 703 3487 Gra-corum
717 3443 892 3488 ducum
910 3442 992 3500 qui
1009 3443 1073 3488 ad
1095 3440 1292 3501 Trojam
1317 3456 1434 3501 pug-

227 3511 480 3561 naverunt,
504 3503 804 3552 fortissimus.

290 3564 360 3610 lb.
383 3565 775 3629 Memnonisque]
802 3567 1031 3614 Memnon
1052 3567 1249 3613 Aurorae
1270 3563 1432 3612 Titho-

228 3626 370 3686 nique
394 3628 516 3674 filius
550 3629 730 3675 auxilio
773 3631 902 3675 venit
925 3629 1169 3692 Trojanis,
1203 3628 1282 3673 ubi
1320 3643 1432 3674 con·

227 3703 417 3748 gressus
455 3706 565 3737 cum
602 3689 800 3748 Achille,
838 3694 901 3739 ab
938 3707 997 3739 eo
1030 3692 1117 3738 suit
1142 3692 1431 3738 interfectus.

226 3750 346 3812 Ejus
369 3753 578 3799 duellum
601 3755 888 3802 describitur
908 3753 936 3802 ὲ
956 3755 1133 3809 Quinto
1150 3754 1361 3800 Calabro
1384 3753 1433 3798 in

226 3815 401 3862 relictis
426 3815 607 3863 Iliadis.
670 3817 875 3879 Regium
898 3818 1003 3880 ejus
1022 3818 1070 3864 in
1096 3809 1340 3876 AEthiopia
1361 3830 1432 3862 se-

224 3877 475 3933 pulchrum
498 3881 627 3937 apud
651 3879 789 3926 Ilium
806 3896 910 3928 esse
926 3878 1114 3939 scripsit
1139 3878 1430 3936 Plinius,qui

223 3949 270 3985 ct
291 3939 372 3987 lib.
399 3956 442 3988 x.
458 3956 567 4000 cap.
588 3944 667 3989 26.
706 3944 829 3990 mira
860 3943 1005 3991 tradit
1037 3945 1098 3989 de
1121 3944 1305 3999 avibus,
1327 3956 1430 4000 que

223 4001 326 4062 ejus
351 4005 547 4051 nomine
570 4005 907 4054 Memnonides
940 4008 1179 4053 dicuntur.

288 4066 359 4114 17.
392 4069 418 4092 ³
436 4067 791 4130 Experior-um]
828 4068 1429 4116 Manifestissimalacuna.

288 4129 357 4175 19.
398 4130 607 4189 Quarum
629 4133 655 4157 ⁴*
670 4134 879 4195 pugna]
946 4131 1342 4179 manifestissima
1362 4130 1431 4176 la·

221 4207 363 4238 cuna.
958 4229 971 4240 ,

281 4256 357 4301 20.
392 4255 593 4317 Propter
604 4256 811 4319 equitum
827 4259 853 4283 ⁸*
869 4249 1160 4318 eoncessum]
1229 4256 1428 4303 Lacuna

220 4317 627 4366 manifestissima.

281 4381 361 4426 26.
394 4381 601 4429 Donat-it
632 4381 787 4432 mima
821 4383 952 4444 mr]
1019 4381 1240 4443 luteuige
1291 4395 1426 4428 num·

218 4456 349 4488 mum
372 4443 447 4489 vel
466 4445 753 4491 sestertium.

278 4506 357 4552 27.
396 4505 619 4580 Proefieto
635 4511 817 4569 torques
836 4508 1038 4570 aureos]
1108 4507 1187 4554 Sic
1209 4506 1422 4554 armillas

216 4568 469 4614 donabant
485 4580 802 4629 imperatores
826 4570 909 4627 illi,
922 4571 1003 4629 qui
1014 4572 1197 4617 hostem
1222 4569 1421 4632 dejecis-

219 4640 287 4676 set
320 4641 407 4677 aut
427 4631 584 4690 spolia
616 4633 827 4693 legisset,
849 4648 955 4691 quae
987 4634 1206 4682 demisse
1229 4635 1289 4681 ad
1313 4647 1423 4692 pec·

217 4699 289 4739 tus
310 4695 592 4751 pendebant
622 4695 819 4742 honoris
841 4693 1001 4743 causi.

1559 3315 1637 3360 28.
1668 3312 1910 3374 Ancum]
1947 3312 2022 3360 Ex
2049 3313 2168 3359 Asta
2187 3311 2370 3372 oppido
2393 3315 2521 3372 quod
2545 3314 2703 3361 adhuc.

1497 3391 1673 3423 nomen
1710 3377 1895 3422 retinet.
1977 3374 2269 3434 Pomponius
2314 3376 2459 3432 Mela,
2505 3376 2567 3422 lib
2623 3390 2701 3424 m.

1501 3442 1666 3485 Astam
1692 3440 1856 3498 procul
1880 3438 1907 3485 ιὶ
1929 3438 2090 3485 littore
2127 3437 2340 3484 dissitam
2379 3439 2615 3485 coloniam
2649 3441 2700 3486 in

1498 3502 1736 3561 Hispania
1752 3503 1934 3556 statuit,
1956 3516 2101 3560 quum
2125 3511 2299 3558 praeter
2335 3502 2461 3548 hanc
2499 3503 2698 3560 scripto·

1496 3579 1599 3612 rem
1635 3572 2012 3611 commemorant
2056 3563 2237 3618 Livius,
2278 3563 2450 3610 Strabo
2494 3573 2542 3611 et
2586 3563 2698 3612 Pto·

1496 3627 1705 3674 lemzrus.
1771 3627 1858 3674 Est
1881 3629 1995 3673 urbs
2018 3627 2417 3673 Turdetanorum.

1522 3719 1526 3723 Δ
1559 3692 1635 3737 32.
1669 3689 1885 3737 Itcmhoc
1921 3688 1994 3736 die
2033 3689 2196 3736 liueroe
2234 3692 2338 3735 suat
2369 3687 2697 3750 deprehensa-,1

1498 3751 1622 3798 Cum
1647 3753 1709 3798 de
1749 3760 1965 3812 tempore
2001 3761 2229 3810 tanquam
2252 3753 2313 3796 de
2334 3752 2557 3810 presenti
2582 3760 2702 3810 agat

1498 3814 1578 3862 hic
1600 3815 1823 3873 scriptor,
1842 3815 2063 3861 videntur
2097 3823 2310 3860 actorum
2347 3813 2453 3859 loco
2488 3827 2594 3860 esse.
2615 3815 2700 3859 ha·-

1494 3878 1655 3924 benda
1671 3892 1775 3936 quae
1793 3877 1970 3923 scribit.
2035 3877 2188 3924 Erant
2205 3876 2329 3921 enim
2348 3884 2459 3923 acta
2475 3889 2577 3933 quar
2603 3875 2698 3922 Ro·

1495 3954 1624 3987 mam
1647 3947 1694 3986 et
1718 3941 1824 3998 ipsa
1839 3939 1990 3986 Roma
2011 3939 2321 3985 mittebantur
2342 3939 2403 3984 de
2424 3939 2593 3996 quibus
2617 3937 2697 3983 Ci-

1494 4019 1607 4050 cero
1630 4018 1755 4062 saepe
1778 4004 1825 4048 in
1847 4002 2062 4061 epistolis
2079 4003 2174 4046 suis
2193 4001 2481 4048 mentionem
2501 4001 2634 4055 facit,
2649 4011 2702 4048 et

1496 4068 1560 4113 ad
1582 4081 1686 4125 qua:
1711 4065 1986 4126 vulgaribus
2004 4066 2064 4110 de
2086 4067 2226 4111 rebus
2248 4065 2490 4111 docendos
2515 4062 2697 4110 amicos

1495 4129 1667 4190 rejicit,
1685 4129 1873 4175 arcanis
1889 4127 2073 4175 tantum
2089 4137 2138 4174 et
2155 4127 2410 4174 reconditis
2428 4128 2569 4172 rebus
2586 4139 2698 4173 suas

1494 4192 1722 4250 epistolas
1770 4192 2067 4249 impleturus.

1552 4257 1630 4301 33.
1670 4253 1953 4315 Ursaonem]
2010 4253 2164 4299 Ursao
2185 4252 2414 4312 oppidum
2449 4249 2696 4308 Hispania

1492 4316 1696 4364 Baeticoe.
1760 4317 1961 4363 Putatur
1983 4331 2088 4363 esse
2116 4317 2308 4363 Omma.
2373 4315 2447 4360 Ab
2477 4312 2694 4359 Ursaone

1492 4380 1728 4428 Mundam
1753 4380 1844 4426 iter
1864 4388 1936 4425 est
1958 4378 2097 4425 unius
2119 4377 2229 4423 diei.

1551 4443 1617 4489 lb.
1647 4444 1692 4490 S.
1728 4442 1775 4492 V.
1814 4443 1868 4492 G.
1893 4442 1951 4488 Ε.
1981 4441 2061 4501 V.]
2090 4440 2138 4486 Si
2158 4439 2343 4496 valetis,
2366 4438 2574 4498 gaudeo,
2602 4453 2694 4499 ego

1484 4505 1638 4552 valeo.
1695 4504 1926 4552 formula
1948 4517 2119 4561 nempe
2136 4510 2240 4548 erat
2261 4517 2404 4561 quam
2430 4500 2694 4560 Imperato-

1486 4583 1564 4615 res
1586 4565 1667 4626 qui
1699 4575 1938 4626 praeerant
1979 4565 2256 4624 provinciis,
2294 4565 2540 4625 praefigere
2573 4564 2693 4626 sole-

1487 4633 1609 4678 bant
1628 4629 1862 4689 epistolis,
1892 4643 2013 4688 quas
2036 4630 2098 4677 ad
2121 4635 2340 4676 senatum
2363 4627 2630 4675 mittebant.

1486 4754 1655 4803 2132
