3059 5050
864 250 989 327 DE
1034 259 1340 325 BELLo
1385 255 1651 324 ALEx.
1691 257 1992 347 LIBER.

2539 268 2663 331 317

191 415 548 480 Octavium.
629 409 788 474 Erat
816 410 1257 474 nobilissimum
1285 408 1604 491 regionum
1634 408 2183 492 earum-oppidum,
2214 430 2289 474 co
2335 411 2583 476 ’unctis-

192 504 533 582 simtunque
582 496 866 559 Octavio.

957 494 1100 578 Quo
1133 509 1199 557 ut
1244 495 1537 579 pervenit,
1565 495 1859 578 oppidani
1892 496 2191 578 supplices
2235 518 2297 558 se

2390 498 2581 561 atinio

190 586 584 650 dediderunt:
631 581 1068 666 comperitque,
1100 581 1296 663 ipsum
1329 578 1675 655 Octavium,
1709 580 1911 662 parvis
1960 582 2289 664 paucisque
2321 584 2581 663 navigiis

188 686 378 734 vento
404 669 672 731 secundo
698 689 761 728 re
809 668 1006 729 ionem
1038 665 1302 727 Graeciae
1333 664 1568 748 petisse,
1595 664 1735 726 inde
1758 677 1825 725 ut
1855 663 2148 741 Siciliam,
2175 668 2393 730 deinde
2419 669 2581 730 Afri-

187 778 355 834 cani,
408 765 673 839 caperet.

797 767 858 814 ta
913 752 1077 813 brevi
1129 750 1326 834 spatio
1379 771 1443 811 re
1500 748 1968 832 praeclarissime
2023 751 2213 831 gesta,
2267 755 2582 835 provincia
2626 759 2662 817 5

188 840 463 925 recepta,
494 853 554 901 et
583 835 919 900 Cornificio
950 836 1203 910 reddita,
1236 835 1426 896 classe
1464 835 1951 896 adversariorum
1999 857 2075 896 ex
2122 835 2229 897 illo
2274 850 2401 899 toto
2448 841 2582 902 sinu

189 949 277 990 ex
322 926 475 1001 uisa,
506 924 700 986 victor
729 943 791 984 se
819 920 1234 996 Brundisium,
1266 919 1555 981 incolumi
1587 920 1857 982 exercitu
1886 932 1945 981 et
1974 920 2184 996 classe,
2216 924 2461 1005 recepit.

356 1008 593 1073 LVIII.
653 1006 735 1069 Iis
783 1020 980 1069 autem
1026 1020 1142 1066 tem
1191 1006 1418 1081 oribus,
1473 1006 1692 1088 quibus
1737 1003 1958 1067 Caesar
2002 1005 2081 1067 ad
2126 1004 2582 1089 Dyrrhachium

191 1095 565 1180 Pompeium
596 1092 928 1169 obsidebat,
960 1104 1019 1153 et
1048 1090 1143 1153 Pa
1170 1090 1494 1175 aepharsali
1541 1111 1665 1152 rem
1712 1089 1963 1153 feliciter
2010 1094 2278 1172 gerebat,
2310 1093 2580 1156 Alexan-

193 1182 474 1263 driaeque
502 1199 639 1241 cum
671 1176 940 1260 periculo
970 1198 1220 1258 magau,
1252 1189 1380 1237 tum
1412 1176 1593 1238 etiam
1626 1177 1859 1258 majore
1903 1177 2153 1260 periculi
2200 1178 2361 1239 sama
2404 1180 2667 1242 dimi-10

193 1269 400 1343 cahat,
433 1263 679 1326 Cassius
710 1260 1034 1344 Longinus
1073 1263 1132 1323 in
1164 1259 1469 1344 Hispania
1514 1274 1859 1345 propraetor
1905 1262 2238 1345 provincia·
2284 1264 2584 1327 ulterioris

191 1350 545 1414 obtinendae
573 1346 793 1411 caussa
823 1347 1085 1423 relictuS,
1125 1347 1251 1408 sive
1296 1348 1734 1408 consuetudine
1781 1361 2016 1410 naturae
2066 1369 2213 1424 suae,
2245 1350 2370 1409 sive
2418 1351 2582 1429 odio,

189 1437 362 1519 quod
394 1436 454 1498 in
485 1433 652 1497 illam
683 1433 1065 1517 provinciam
1096 1445 1441 1516 susceperat
1470 1448 1754 1515 quaestor,
1787 1454 1864 1494 ex
1894 1433 2127 1495 insidiis
2172 1432 2256 1494 ibi
2305 1434 2585 1497 vulnera-

188 1535 311 1595 ωε,
346 1541 602 1602 magnas
633 1518 760 1580 odii
790 1518 881 1579 sui
913 1516 1135 1580 fecerat
1159 1519 1564 1580 accessiones:
1624 1519 1788 1601 quod
1818 1519 1915 1580 vel
1945 1539 2022 1581 ex
2054 1520 2426 1582 conscientia
2454 1520 2582 1598 sua,

188 1628 382 1691 quum
416 1606 492 1667 de
523 1625 585 1666 se
616 1616 824 1665 mutuo
855 1603 1072 1665 sentire
1115 1603 1492 1687 provinciam
1540 1604 1828 1680 crederet,
1875 1603 1974 1665 vel
2019 1604 2220 1666 multis
2269 1605 2478 1687 signiS,
2526 1610 2667 1669 etl5

188 1690 555 1755 testimoniis
583 1710 813 1766 eorum,
845 1689 947 1771 qui
979 1688 1297 1750 difficulter
1328 1689 1474 1750 odio
1505 1688 1906 1766 dissimulant,
1952 1689 2429 1752 animadvertere
2474 1713 2585 1775 po-

188 1790 373 1852 terat,
405 1788 465 1837 et
494 1795 890 1857 compensare
919 1773 1308 1834 offensionem
1341 1772 1678 1856 provinciae
1709 1773 2008 1836 exercitiis
2039 1795 2247 1836 amore
2276 1777 2583 1858 cupiebat.

190 1861 416 1943 Itaque
446 1880 629 1940 quum
663 1859 924 1941 primum
956 1858 1016 1918 in
1050 1878 1233 1918 unum
1266 1858 1466 1920 locum
1519 1858 1849 1920 exercitum
1895 1859 2210 1935 conduxit,
2255 1857 2397 1921 H-S
2444 1882 2584 1924 cen·

193 1962 373 2009 tenos
404 1944 694 2006 militibus
725 1955 814 2004 est
835 1942 1178 2027 pollicitus:
1224 1964 1334 2005 nec
1365 1941 1557 2003 multo
1608 1956 1763 2026 post,
1797 1964 1979 2026 quum
2012 1943 2073 2005 in
2105 1942 2424 2006 Lusitania
2451 1944 2588 2008 Me-

194 2032 540 2112 dobregam
589 2028 902 2111 oppidum,
951 2042 1337 2110 montemque
1381 2026 1767 2090 Herminium
1821 2029 2251 2111 expugnasset,
2285 2029 2406 2111 quo
2452 2028 2671 2093 Me-20

197 2118 608 2196 dobregenses
654 2113 1085 2194 confugerant3
1131 2112 1334 2195 ibique
1376 2111 1720 2197 Imperator
1763 2130 1916 2176 esset
1946 2114 2325 2197 appellatus;
2369 2114 2587 2178 iterum

195 2201 343 2264 H-S
376 2199 643 2261 centenis
675 2198 889 2260 milites
920 2198 1186 2259 donavit.
1274 2197 1475 2260 Multa
1504 2213 1802 2282 praeterea
1834 2214 1893 2261 et
1922 2220 2149 2281 magna
2179 2198 2435 2283 praemia
2464 2202 2587 2264 sin·

192 2285 357 2369 gulis
415 2283 819 2346 concedebat:
896 2304 1037 2366 quae
1083 2284 1417 2367 speciosum
1474 2284 1809 2347 reddebant
1868 2298 2226 2368 praesentem
2286 2286 2588 2351 exercitiis

193 2391 489 2449 amorem,
540 2368 855 2453 paullatim
904 2383 1104 2431 tamen
1148 2382 1209 2432 et
1252 2369 1490 2431 occulte
1539 2369 1856 2432 militarem
1889 2370 2272 2455 disciplinam
2304 2372 2602 2435 severim-¹

194 2472 438 2540 temque
469 2455 836 2517 minuebant.

2584 2461 2665 2520 25

283 2539 526 2605 XLIX.
573 2539 825 2603 Cassius
854 2540 1195 2623 legionibus
1226 2540 1285 2602 in
1331 2541 1586 2604 hiberna
1630 2541 1933 2626 dispositis
1986 2540 2064 2604 ad
2104 2542 2209 2624 jus
2261 2542 2587 2606 dicendum

197 2627 558 2693 Cordubam
605 2649 666 2689 se
714 2627 957 2710 recepit,
1010 2639 1506 2709 contractumque
1555 2628 1616 2688 in
1665 2628 1737 2690 ea
1767 2649 1854 2690 aes
1906 2627 2166 2689 alienum
2217 2629 2588 2709 gravissimis

196 2714 481 2776 oneribus
538 2712 871 2797 provinciae
918 2712 1227 2774 constituit
1272 2713 1629 2792 exsolvere;
1691 2730 1769 2790 et,
1821 2725 1890 2774 ut
1940 2712 2282 2794 largitionis
2326 2714 2587 2796 postulat

194 2798 591 2875 consuetudo,
645 2819 753 2882 per
804 2819 1078 2860 caussam
1132 2797 1506 2860 liberalitatis
1539 2799 1871 2882 speciosam
1905 2798 2081 2882 plura
2110 2798 2384 2880 largitori
2418 2822 2587 2882 quae-

197 2886 520 2962 rebantur3
579 2883 857 2968 pecuniae
910 2882 1309 2966 locupletibus
1357 2883 1855 2966 imperabantur3
1901 2903 2052 2966 quas
2097 2882 2419 2966 Longinus
2473 2885 2671 2947 sibiso

195 2991 492 3055 expensas
542 2969 679 3030 serri
735 2989 859 3031 non
907 2970 1138 3030 tantum
1192 2969 1553 3052 patiebatur,
1609 2969 1713 3030 sed
1757 2969 1938 3031 etiam
1988 2970 2287 3049 cogebat:
2333 2969 2395 3030 in‘
2449 2991 2587 3051 gre-

197 3078 336 3138 gem
369 3053 757 3137 locupletium
788 3053 1157 3116 simultatum
1177 3075 1410 3115 caussae
1434 3066 1643 3115 tenues
1666 3055 2167 3135 conjiciebantur.

2253 3051 2472 3135 Neque
2495 3054 2588 3116 ul-

197 3142 323 3203 lum
350 3161 541 3222 genus
571 3139 856 3221 quaestt'is,
882 3152 986 3202 aut
1010 3139 1221 3220 magni
1249 3153 1309 3200 et
1336 3139 1650 3214 evidentiS,
1680 3152 1786 3200 aut
1814 3137 2045 3200 minimi
2070 3150 2129 3199 et
2152 3139 2402 3216 sordidi,
2470 3159 2586 3201 roe-
2618 3141 2624 3147 ’

198 3226 655 3301 termittebatur,
708 3247 829 3307 quo
882 3225 1100 3286 domus
1146 3238 1205 3287 et
1251 3222 1518 3286 tribunal
1571 3225 1951 3307 imperatoris
2003 3235 2266 3285 vacaret.

2447 3244 2584 3285 emo

194 3375 460 3422 insularum
495 3373 824 3429 Libui-nidum,
855 3385 957 3430 qua:
990 3387 1068 3419 ωε.
1090 3380 1403 3419 numerantur
1466 3372 1592 3419 enim
1618 3387 1707 3420 vn.
1728 3388 1771 3419 σο
1794 3387 1912 3419 nu.
1930 3371 2061 3418 librae
2082 3371 2400 3418 Turonenses.

194 3439 227 3487 a
249 3438 486 3484 Strabone
510 3436 557 3481 in
582 3438 704 3482 mari
723 3434 981 3481 Adriatico.
1027 3435 1272 3494 Sophiano
1287 3435 1403 3482 dici·

196 3512 275 3546 tur
297 3499 439 3546 Lina.

258 3564 302 3609 9.
334 3559 710 3624 Patoephanali]
779 3559 954 3607 Strabo
987 3561 1105 3606 duas
1142 3560 1399 3607 Pharsalos

200 3636 459 3680 men-oran
515 3633 721 3669 veterem
767 3637 931 3678 unam,
974 3637 1150 3669 novam
1195 3625 1397 3670 alteram

199 3701 303 3744 qut
325 3686 491 3734 Graece
515 3684 945 3751 HuamodgeaaQu
968 3686 1153 3733 dicitnr.
1219 3687 1315 3733 Hic
1330 3686 1398 3731 lo·

198 3764 282 3794 cus
304 3750 366 3795 ad
388 3759 595 3796 veterem
618 3758 778 3796 actum
802 3749 947 3795 fuisse
971 3748 1188 3806 proelium
1210 3750 1364 3795 docet.

263 3811 334 3857 ll.
376 3811 558 3860 cassius
596 3810 868 3873 Longinus]
926 3812 1121 3858 Cassius
1143 3811 1183 3857 is
1205 3820 1296 3868 est,
1318 3810 1399 3870 qui

195 3873 409 3920 tribunus
432 3875 582 3933 plebis
604 3883 789 3921 tantam
822 3889 1022 3935 operam
1057 3875 1259 3920 dederat
1295 3873 1399 3920 Cae-

196 3937 289 3983 sari
311 3950 422 3982 cum
439 3937 667 3994 Antonio,
681 3938 762 3994 qui
784 3952 892 3984 cum
918 3952 975 3984 eo
998 3951 1049 3984 se
1071 3938 1135 3983 ad
1153 3938 1395 3983 Cesarem

196 3999 476 4046 contulerat.
520 4000 686 4046 Caesar
704 4013 814 4046 eum
838 4000 1104 4061 legionibus
1127 4013 1195 4046 tv.
1220 4000 1397 4058 Hispa-

197 4061 283 4107 nia:
306 4063 584 4120 profecerat
604 4061 832 4108 ulteriori.
898 4063 994 4109 Sed
1015 4071 1067 4109 ut
1089 4062 1167 4108 hic
1196 4061 1398 4122 legimus

197 4131 244 4171 et
257 4124 419 4171 omnia
438 4132 486 4171 et
508 4125 716 4183 seipsum
740 4123 909 4171 misere
925 4134 1122 4184 propter
1143 4123 1396 4171 avaritiam

195 4186 413 4244 perdidit.
477 4187 634 4246 Atque
666 4185 788 4233 adeo
818 4187 922 4248 ejus
955 4188 1095 4234 same
1125 4188 1203 4234 hic
1223 4185 1396 4246 parum

196 4249 407 4308 parcitur
427 4251 490 4297 ab
513 4249 689 4296 Hirtio.

262 4312 328 4358 ts.
352 4312 462 4359 H-s
482 4312 726 4373 centenum]
793 4311 1001 4358 circiter
1019 4317 1117 4374 sept
1148 4310 1282 4359 liures
1311 4309 1394 4357 dia:

193 4373 290 4421 sels.
351 4374 477 4421 Tota
501 4375 582 4420 illa
605 4373 818 4433 pecunie
846 4375 987 4431 ratio,
1010 4374 1183 4421 iterum
1206 4388 1395 4429 moneo,

190 4444 261 4483 est
295 4436 721 4495 perturbatissima.
786 4436 905 4483 Hoec
936 4437 1063 4483 enim
1096 4439 1303 4496 pecunia
1323 4443 1395 4482 est

191 4499 469 4560 perexigua,
493 4513 581 4545 nec
602 4498 718 4544 satis
747 4497 913 4557 digna,
935 4498 1031 4557 quit
1060 4499 1390 4546 Romanorum

190 4562 386 4607 militum
412 4562 678 4608 voluntates
701 4560 765 4606 ad
786 4575 897 4607 suos
921 4576 1031 4608 usus
1053 4562 1158 4621 quis
1184 4562 1273 4608 sibi
1305 4562 1389 4608 ad·

183 4623 422 4684 jungeret.
488 4623 538 4670 Si
581 4623 769 4683 legatur
810 4631 863 4669 ut
900 4632 1013 4671 ante
1049 4624 1301 4685 legebatur
1337 4625 1387 4670 in

192 4693 361 4734 neutro
403 4700 581 4749 genere
621 4685 859 4742 sestertia,
905 4687 1055 4734 nimia
1096 4695 1186 4745 est,
1228 4694 1388 4735 essent

1535 3437 1604 3481 19.
1642 3435 2006 3497 Medoen-egam]
2064 3434 2362 3495 Medobrega
2404 3434 2664 3494 ignoratur.

1464 3497 1668 3550 Quidam
1691 3506 1860 3555 putant
1883 3498 1976 3544 dici
1997 3496 2282 3544 Armeniam.

1524 3563 1602 3608 21).
1627 3560 1964 3620 Herminium]
2003 3559 2278 3606 Herminius
2297 3572 2435 3606 mons
2458 3560 2507 3604 in
2531 3558 2665 3606 Lusi-

1462 3623 1595 3669 tania
1615 3623 1790 3670 dicitur
1809 3623 2054 3670 Amiano.

1522 3686 1602 3732 31.
1635 3686 1879 3748 Eaepemas
1898 3684 2062 3749 sen-L]
2119 3685 2395 3742 Expensum
2432 3683 2557 3729 ferre
2592 3693 2665 3728 est

1460 3748 1670 3795 scribere
1683 3762 1737 3795 se
1749 3747 2090 3807 dedisse,quod
2106 3747 2250 3794 flebat
2266 3746 2353 3792 etsi
2371 3759 2468 3790 non
2479 3747 2663 3790 darent.

1463 3811 1557 3858 Sed
1581 3812 1672 3856 hoc
1709 3812 1838 3856 facto
1877 3811 2151 3856 fatebantur
2183 3823 2235 3856 se
2271 3810 2484 3862 daturos,
2519 3815 2663 3866 atque

1462 3871 1586 3919 adeo
1618 3875 1809 3919 debere.
1875 3873 2048 3919 Postea
2070 3871 2184 3919 vero
2205 3878 2430 3929 acceptas
2462 3870 2660 3916 reserre-

1460 3937 1596 3992 bant,
1618 3935 1668 3981 id
1690 3943 1778 3990 est,
1800 3934 2063 3982 solvebant.

1522 3998 1593 4044 lb.
1629 3999 1683 4045 1η
1703 4011 1890 4059 gregem
1913 3997 2207 4061 locupletium
2233 3994 2522 4042 simultatum
2536 4007 2661 4041 caus·

1460 4075 1520 4108 ιω
1542 4064 1701 4107 tenues
1718 4058 2121 4124 dejiciebantur]
2177 4057 2532 4116 Manuscriptus
2555 4055 2661 4102 Vic-

1458 4123 1642 4169 torinus
1677 4137 1799 4169 unus
1833 4124 1988 4170 codex
2025 4124 2169 4170 habet
2206 4120 2500 4183 locupletum,
2533 4118 2663 4179 quod
2743 4185 2748 4192 Ο

1458 4186 1627 4232 melius
1651 4186 1849 4232 videtur.

1518 4248 1599 4294 34.
1639 4247 1919 4307 Quodomus
1933 4252 1975 4294 et
1996 4245 2208 4296 tribunal
2222 4242 2514 4309 mansoris
2526 4256 2659 4289 mea-

1455 4311 1564 4371 ret.]
1600 4310 1831 4357 Praetoria
1845 4312 1979 4358 euim
1994 4311 2206 4370 cognitio
2228 4323 2326 4355 una
2347 4315 2452 4353 erat
2472 4307 2658 4352 domes·

1457 4375 1571 4426 tica,
1593 4374 1747 4420 altera
1801 4373 1974 4420 ublica.
2039 4372 2318 4419 Domestica
2339 4370 2466 4414 intra
2489 4378 2658 4426 praeto·

1454 4436 1579 4483 rium
1596 4436 1764 4482 cubicu
1783 4448 1962 4494 umque
1978 4435 2183 4493 querelis
2220 4431 2469 4480 audiendis
2499 4431 2658 4478 minis·

1452 4507 1705 4557 tranteque
1743 4507 1790 4544 et
1821 4497 2104 4544 admittente
2132 4489 2427 4542 cubiculario
2464 4508 2657 4540 exerce-

1452 4564 1613 4617 batur,
1635 4561 1822 4619 publica
1860 4559 1972 4605 veri»
2006 4558 2054 4605 in
2093 4558 2292 4606 basilica
2327 4566 2472 4614 atque
2495 4557 2542 4601 in
2575 4556 2657 4601 tri-

1451 4624 1634 4679 bunali,
1665 4622 1848 4678 scribis,
1888 4621 2120 4678 accensis,
2154 4621 2453 4681 preconibus
2491 4629 2539 4664 et
2577 4618 2656 4662 lie-

1450 4686 1630 4734 toribus
1653 4684 2012 4746 apparentibus.
