3059 5050
1146 292 1424 365 LIBER
1462 296 1578 365 lv.

2513 304 2600 367 65

250 438 387 507 XV.
435 440 748 521 Germani,
778 454 917 527 post
942 454 1177 524 tergum
1208 443 1475 509 clamore
1498 444 1728 520 audito,
1756 462 1941 528 quum
1973 463 2113 511 suos
2141 444 2394 511 interfici
2423 445 2540 523 vi-¹

172 527 384 604 tierent,
416 527 599 591 armis
629 527 895 608 abjectis,
926 527 1231 610 signisque
1259 528 1615 593 militaribus
1643 528 1883 605 relictis,
1909 551 1971 591 se
1994 550 2071 590 ex
2096 530 2304 590 castris
2327 530 2518 609 ejece·-

173 624 327 673 runt:
370 622 431 672 et
458 631 644 692 quum
676 612 753 677 ad
797 610 1191 675 confluentem
1229 610 1428 675 Mosae
1468 627 1529 675 et
1570 612 1772 677 Rheni
1815 612 2240 696 pervenissent,
2289 612 2520 694 reliqua

169 693 308 775 suga
335 694 673 777 desperata,
692 716 918 776 magno
942 716 1190 758 numero
1220 695 1552 772 interfecto,
1583 696 1795 779 reliqui
1821 718 1883 758 se
1907 697 1970 761 in
1993 696 2216 757 flumen
2252 696 2518 793 precipi-

168 791 454 854 taverunt,
494 791 676 859 atque
723 779 807 840 ibi
850 779 1082 856 timore,
1124 779 1491 856 lassitudine,
1539 795 1598 842 et
1624 782 1683 841 vi
1715 780 1973 843 fluminis
2003 800 2291 863 oppressi,
2323 780 2515 861 perie-
2559 784 2600 843 5

167 874 319 923 runt.
390 860 601 923 Nostri
626 863 705 924 ad
724 884 907 924 unum
937 884 1143 925 omnes
1162 863 1512 940 incolumeS,
1544 866 1860 947 perpaucis
1884 862 2226 939 vulneratis,
2256 883 2334 923 ex
2363 862 2514 924 tanti

166 943 303 1006 belli
329 945 559 1020 timore,
605 946 742 1007 cum
788 947 1041 1008 hostium
1074 968 1351 1011 numerus
1380 949 1647 1032 capitum
1672 969 1976 1013 ccccxxx.
2007 946 2258 1009 millium
2288 945 2513 1023 fnisset,

167 1027 314 1090 sein
342 1043 547 1091 castra
592 1044 959 1113 receperunt.
1048 1029 1265 1093 Caesar
1293 1031 1384 1107 iis,
1427 1053 1580 1112 quos
1623 1032 1684 1095 in
1714 1033 1924 1095 castris
1951 1032 2292 1106 retinuerat,
2323 1030 2514 1091 disce-

164 1108 336 1173 dendi
365 1126 721 1195 potestatem
752 1115 907 1175 fecit.
994 1112 1095 1175 Illi
1137 1114 1433 1197 supplicia
1478 1116 1894 1197 cruciatusque
1942 1115 2260 1177 Gallorum
2311 1113 2506 1190 veriti,

165 1215 412 1339 {uorum
440 1218 625 1278 agros
654 1212 1041 1273 vexaverant,
1072 1218 1376 1259 remanere
1407 1219 1468 1258 se
1492 1201 1654 1281 apud
1685 1221 1820 1261 eum
1861 1200 2016 1261 velle
2045 1198 2344 1260 dixerunt.
2431 1197 2601 1260 Iislo

221 1300 376 1341 aesar
404 1280 738 1342 libertatem
770 1284 1081 1343 concessit.

241 1361 421 1425 XVI.
471 1363 836 1426 Germanico
856 1366 1017 1426 bello
1036 1365 1328 1440 consect0‚
1355 1365 1557 1427 multis
1576 1366 1652 1427 de
1676 1367 1902 1429 caussis
1923 1365 2141 1428 Caesar
2170 1365 2374 1427 statuit
2402 1365 2515 1427 sibi

162 1443 445 1508 Rhenum
475 1469 601 1509 esse
640 1449 1096 1525 transeundum3
1141 1470 1393 1531 quarum
1432 1449 1537 1510 illa
1578 1449 1687 1509 suit
1721 1451 2084 1531 justissima:
2130 1448 2293 1531 quod
2330 1470 2514 1531 quum

160 1528 386 1593 videret
419 1530 757 1595 Germanos
782 1546 904 1593 tam
934 1532 1113 1594 facile
1146 1533 1372 1615 impelli
1400 1546 1467 1593 ut
1495 1533 1558 1594 in
1587 1532 1849 1595 Galliam
1876 1534 2166 1609 venirent,
2212 1533 2332 1594 suis
2362 1554 2514 1613 quo-

160 1634 270 1694 que
297 1616 476 1677 rebus
504 1636 605 1677 eos
631 1616 837 1677 timere
866 1617 1073 1692 voluit,
1106 1639 1288 1698 quum
1321 1616 1739 1697 intelligerent,
1759 1630 1819 1679 et
1843 1638 2041 1714 posse,
2071 1631 2133 1679 et
2161 1617 2380 1678 audere
2403 1621 2596 1699 po-l5

156 1697 278 1779 puli
315 1698 398 1759 R..
431 1700 755 1760 exercitum
799 1700 1084 1760 Rhenum
1112 1700 1383 1761 transire.
1470 1701 1744 1761 Accessit
1783 1713 1961 1761 etlam
2008 1700 2174 1782 quod
2225 1699 2330 1760 illa
2375 1722 2516 1784 pars

154 1781 463 1862 equitatus
480 1781 798 1863 Usipetum
824 1794 883 1842 et
908 1782 1448 1857 Tenchtherorum,
1470 1803 1649 1863 quam
1670 1804 1851 1864 supra
1867 1784 2332 1844 commemoravi
2355 1805 2516 1865 prae-

151 1864 346 1925 dandi
379 1865 900 1944 frumentandique
928 1866 1139 1928 caussa
1166 1865 1404 1927 Mosam
1448 1865 1748 1941 transisse,
1795 1887 1869 1927 ne
1910 1887 1985 1926 ue
2029 1865 2244 1947 proelio
2274 1866 2517 1928 interfu-

151 1946 293 2022 isse,
322 1960 463 2029 post
486 1947 690 2028 fugam
724 1968 966 2009 suorum
1011 1969 1072 2008 se
1102 1961 1265 2009 trans
1295 1947 1578 2009 Rhenum
1607 1948 1672 2009 in
1703 1948 1852 2009 fines
1926 1949 2331 2009 icambrorum
2357 1970 2518 2011 rece-

148 2044 351 2113 perat,
398 2052 581 2112 seque
618 2052 754 2092 cum
786 2030 859 2092 iis
882 2034 1294 2112 conjunxerat.

1379 2032 1478 2092 Ad
1510 2052 1661 2112 quos
1692 2053 1875 2113 quum
1900 2031 2117 2093 Caesar
2140 2031 2380 2093 nuntios
2410 2035 2604 2095 mi-ao

154 2113 345 2191 sisset,
374 2116 479 2196 qui
505 2114 877 2197 postularent
898 2137 1019 2190 eos,
1047 2115 1144 2195 qui
1172 2115 1283 2175 sibi
1307 2114 1647 2194 Galliaeque
1677 2114 1898 2176 bellum
1925 2115 2276 2191 intulissent,
2299 2113 2382 2175 uti
2404 2116 2515 2177 sibi

155 2198 475 2275 deder‘ent3
505 2200 967 2281 responderunt:
1011 2198 1217 2282 populi
1238 2197 1318 2259 R.
1343 2199 1656 2281 imperium
1679 2197 1962 2261 Rhenum
1992 2199 2192 2261 finire:
2237 2199 2304 2274 si,
2338 2220 2400 2260 se
2424 2200 2517 2261 in·

156 2283 300 2358 vito,
336 2281 676 2344 Germanos
706 2283 769 2343 in
801 2281 1064 2344 Galliam
1095 2282 1345 2344 transire
1392 2303 1511 2343 non
1557 2304 1796 2364 aequum
1846 2282 2231 2359 existimaret,
2269 2304 2381 2344 cur
2421 2284 2515 2345 sui

159 2367 487 2448 quidquam
519 2387 647 2428 esse
670 2367 901 2449 imperii
935 2380 1039 2428 aut
1066 2366 1371 2449 potestatis
1414 2379 1577 2428 trans
1607 2366 1892 2428 Rhenum
1921 2366 2293 2450 postularet?
2365 2365 2512 2429 Ubii

161 2466 376 2529 autem,
404 2451 506 2534 qui
538 2450 641 2513 uni
669 2472 747 2513 ex
776 2451 1220 2513 transrhenanis
1250 2451 1327 2513 ad
1358 2449 1667 2512 Caesarem
1712 2449 1944 2532 legatos
1974 2451 2272 2528 miserant,
2306 2452 2598 2514 amici-25

161 2536 300 2598 tiam
331 2537 618 2613 fecerant,
644 2536 879 2598 obsides
921 2536 1229 2612 dederant,
1269 2557 1637 2619 magnopere
1684 2537 1941 2597 orabant
1983 2550 2048 2596 ut
2076 2536 2188 2598 sibi
2218 2535 2510 2598 auxilium

161 2619 348 2697 ferret,
380 2621 548 2703 quod
580 2620 844 2702 graviter
885 2622 961 2682 ab
988 2619 1199 2682 Suevis
1230 2635 1665 2702 premerentur:
1709 2620 1823 2697 vel,
1856 2620 1902 2681 si
1936 2621 1995 2681 id
2025 2620 2221 2681 iacere
2248 2641 2514 2704 occupa·

162 2703 417 2767 tionibus
442 2703 623 2787 Reip.
654 2705 1085 2788 prohiberetur,
1106 2705 1431 2766 exercitum
1462 2704 1646 2765 modo
1674 2703 1955 2766 Rhenum
1979 2718 2428 2787 transportaret,
2449 2704 2512 2766 id

162 2787 267 2852 sibi
296 2789 375 2851 ad
407 2789 724 2865 auxilium,
756 2810 1037 2872 spemque
1064 2789 1276 2871 reliqui
1308 2788 1591 2872 temporis
1613 2788 1760 2850 satis
1788 2787 2080 2850 futurum:
2123 2802 2354 2850 tantum
2385 2809 2513 2850 esse

161 2889 372 2938 nomen
401 2875 570 2958 apud
598 2894 720 2949 ρος,
753 2889 929 2955 atque
953 2874 1294 2971 opinionem
1320 2870 1616 2934 exercitiis
1646 2871 1933 2948 Romani,
1970 2873 2287 2948 ‚Ariovisto
2315 2872 2595 2968 pulso,30

158 2967 217 3019 et
240 2957 356 3020 hoc
388 2958 719 3020 novissimo
743 2958 961 3041 proelio
987 2969 1164 3032 taem,
1184 2957 1363 3018 ctiam
1390 2957 1468 3018 ad
1486 2955 1727 3016 ultimas
1754 2954 2193 3017 Germanorum
2215 2969 2507 3031 nationes,

158 3039 239 3104 {ti
267 3044 556 3126 opinione
579 3057 638 3103 et
668 3041 931 3104 amicitia
961 3041 1169 3124 populi
1201 3040 1383 3102 Rom.
1416 3040 1525 3100 tuti
1550 3060 1674 3100 esse
1696 3039 1951 3182 possint.
2039 3038 2307 3099 Navium
2338 3057 2513 3119 mag·

160 3145 290 3188 nam
312 3122 560 3210 copiam
590 3128 668 3188 ad
698 3126 1221 3209 transportandum
1253 3124 1582 3185 exercitum
1612 3143 1696 3204 po
1741 3121 2069 3184 icebantur.

236 3209 453 3273 XVII.
501 3210 716 3273 Caesar
746 3211 836 3270 his
862 3211 936 3270 de
982 3209 1223 3285 caussi3‚
1246 3229 1393 3289 quas
1424 3203 1914 3281 commemoravi,
1945 3204 2230 3265 Rhenum
2261 3202 2514 3264 transire

162 3293 544 3358 decreverat:
589 3297 691 3357 sed
722 3294 973 3357 navibus
1002 3294 1254 3354 transire
1296 3313 1488 3373 neque
1534 3289 1675 3352 satis
1706 3302 1896 3351 tutum
1927 3308 2054 3349 esse
2083 3287 2594 3364 arbitrabatur,35

164 3398 344 3461 neque
373 3401 528 3456 suae,
554 3400 744 3460 neque
775 3378 981 3461 populi
1014 3377 1093 3438 R.
1122 3377 1428 3457 dignitatis
1459 3395 1585 3437 esse
1611 3375 1942 3436 statuebat:
1972 3372 2193 3453 itaque,
2219 3371 2328 3433 etsi
2353 3391 2514 3433 sum-

163 3480 257 3524 ma
276 3464 600 3526 difficultas
630 3463 891 3524 faciundi
924 3463 1119 3545 pontis
1152 3462 1617 3544 proponebatur,
1651 3471 1893 3542 propter
1921 3455 2317 3532 latitudinem,
2349 3456 2512 3541 rapi·

164 3544 420 3625 (litatem,
447 3547 940 3627 altitudinemque
969 3544 1257 3622 fluminis3
1287 3559 1483 3605 tamen
1511 3545 1572 3604 id
1603 3543 1714 3604 sibi
1745 3542 2244 3616 contendendum,
2272 3555 2375 3603 aut
2404 3540 2513 3602 ali-

162 3641 246 3691 ter
267 3652 385 3694 non
420 3632 925 3694 transducendum
957 3631 1303 3705 exercitum,
1332 3628 1730 3690 existimabat.
1793 3625 2115 3688 Rationem
2149 3625 2333 3706 igitur
2361 3646 2514 3706 pon-

164 3713 232 3777 tis
260 3716 411 3778 hanc
441 3716 713 3778 instituit.
766 3715 975 3796 Tigna
1000 3705 1141 3775 bina
1161 3713 1615 3796 sesquipedalia,
1635 3711 1903 3794 paullum
1934 3711 2016 3772 ab
2034 3710 2157 3771 imo
2181 3712 2600 3793 praeacuta,40

222 3906 266 3955 7.
298 3923 530 3957 ccccxxx.
551 3908 787 3970 millium]
822 3910 1015 3957 Orosius
1038 3910 1116 3956 lib.
1137 3912 1183 3956 6.
1199 3911 1343 3956 habet

166 3982 367 4016 ccccxx..
386 3971 624 4018 Plutarch.
640 3973 689 4019 in
713 3973 904 4019 Caesare
920 3972 1126 4019 affirmat
1146 3973 1344 4030 periisse

167 4043 305 4076 cccc.
365 4031 419 4078 ln
441 4033 614 4080 Crasso
630 4042 789 4080 autem
807 4048 913 4080 ccc.
936 4043 1034 4079 tam
1055 4048 1206 4093 parva
1225 4033 1345 4080 fides

165 4104 464 4139 numerorum
484 4096 620 4142 notis.

229 4153 302 4200 16.
332 4154 518 4203 Accessit
554 4157 695 4204 etima
734 4155 857 4231 quud
890 4156 978 4204 tua
1006 4156 1154 4219 pars]
1189 4157 1345 4216 Atque

165 4213 236 4260 hm
257 4225 363 4263 sunt
392 4218 597 4279 reliquia}
631 4228 802 4282 genus,
829 4233 933 4278 quie
964 4225 1132 4278 postea
1162 4219 1346 4280 injurio

165 4273 479 4328 Romanorum
502 4293 752 4338 memores,
774 4295 921 4341 grave
940 4279 1116 4326 bellum
1130 4281 1345 4341 Augusto

166 4334 274 4446 {ghi
291 4340 491 4388 Cenaxis
506 4342 767 4389 successori
789 4351 1053 4401 moverunt,
1067 4344 1128 4388 de
1142 4356 1237 4401 qno
1250 4341 1346 4389 Dio

231 4434 242 4446 ·
263 4416 358 4450 m.

227 4463 295 4510 19.
343 4465 697 4514 Siembmrum.

166 4521 346 4572 {senmt
368 4528 581 4588 sequenti
595 4541 699 4573 aevo
754 4527 901 4573 rmci.
964 4528 1036 4574 Ab
1051 4529 1231 4576 oriente
1246 4527 1343 4588 qui·

169 4585 271 4632 den
290 4588 519 4651 'toringia
534 4598 584 4637 et
600 4587 843 4644 sunnin
873 4588 902 4636 ὰ
914 4590 1109 4636 meridie
1128 4590 1348 4636 Aleman-

169 4646 246 4695 nis
266 4657 315 4698 et
334 4665 473 4701 ame
490 4652 629 4701 Lon·
646 4650 1024 4703 continebantur.
1084 4651 1280 4700 Tacitus
1298 4659 1351 4698 et

777 4464 1127 4513 sicambrorum
1166 4465 1347 4525 posteri
1407 4464 1528 4525 pulsi

1406 3909 1658 3957 Suetonius
1678 3909 1862 3957 excisos
1878 3918 1926 3956 et
1948 3910 1995 3956 in
2017 3908 2223 3956 Galliam
2246 3907 2504 3954 translatos
2525 3921 2598 3953 es·

1402 3986 1455 4018 se
1470 3972 1601 4018 dicit.
1662 3971 1756 4018 Dio
1771 3975 1884 4019 vero
1896 3973 2131 4018 exercitus
2145 3970 2387 4017 Romanos
2403 3969 2598 4025 fudisse,

1404 4042 1681 4092 tantumque
1703 4034 1898 4080 terroris
1919 4033 2155 4095 injecisse,
2185 4040 2235 4080 ut
2267 4032 2506 4091 Augustus
2537 4044 2601 4075 ex

1404 4098 1521 4141 urbe
1542 4096 1800 4153 profectus,
1833 4096 1881 4142 in
1902 4109 1986 4142 eos
2005 4094 2358 4153 expeditionem
2381 4103 2600 4150 suscepe-
2635 4105 2642 4130 ι

1404 4157 1482 4213 rit,
1518 4157 1608 4202 sed
1645 4169 1743 4230 rem
1781 4158 2094 4217 conpositam
2121 4155 2247 4202 datis
2283 4155 2346 4201 ab
2368 4153 2483 4212 ipsis
2507 4153 2600 4198 An-

1406 4227 1547 4327 0233).
1575 4219 1831 4342 monuwa?
1855 4279 1906 4327 si
1940 4280 2067 4326 enin
2098 4276 2298 4338 singulis
2329 4275 2530 4322 umbus·
2550 4275 2600 4321 tu

1407 4343 1608 4389 alteram
1630 4343 1783 4402 ripam
1804 4342 1977 4389 milites
2013 4339 2325 4399 exposuisset,
2360 4335 2500 4384 facile
2536 4339 2601 4384 ab

1405 4403 1637 4450 universis
1658 4413 1706 4450 et
1741 4405 2040 4464 conglobatis
2076 4400 2290 4447 hostibus
2330 4406 2490 4446 essent
2524 4413 2599 4446 re-

1468 4499 1546 4573 402
1581 4524 1965 4592 suffla-psalta]
1985 4523 2205 4588 intellige
2221 4531 2359 4584 parte
2373 4524 2435 4571 ιι)
2453 4523 2601 4580 omni,

1409 4597 1461 4637 ut
1483 4590 1658 4649 pedum
1679 4601 1762 4637 sex
1778 4595 1902 4637 esset
1924 4586 2128 4635 ambitus
2148 4583 2269 4648 tigni
2290 4585 2450 4633 totius.
