3059 5050
1179 235 1460 302 LIBER
1501 232 1652 302 vll.
2532 233 2657 306 Ν

204 386 449 463 civitate,
479 381 543 447 in
571 404 743 448 suam
792 384 1146 448 sententiam
1176 386 1472 470 perducit.
1545 384 1865 461 Hortatur,
1910 396 1979 446 ut
2019 386 2357 449 communis
2385 385 2567 451 liber·

204 474 329 536 tatis
354 470 571 534 caussa
597 492 774 533 arma
801 471 1085 554 capiant:
1116 471 1474 554 magnisque
1502 471 1731 534 coactis
1758 469 1973 553 copiis,
2001 472 2378 534 adversarios
2406 492 2566 553 suos,

202 560 236 620 a
261 557 473 639 quibus
503 555 710 639 paullo
759 556 902 618 ante
933 570 1062 619 erat
1088 559 1333 639 ejectus,
1371 557 1621 641 expellit
1666 576 1743 618 ex
1791 555 2055 618 civitate.
2138 555 2282 620 Rex
2331 559 2409 620 ab
2450 559 2572 620 suis

200 641 570 726 appellatur:
636 642 884 704 dimittit
929 642 1383 724 quoquoversus
1434 640 1798 725 legationes:
1849 641 2182 703 obtestatur
2226 655 2293 704 ut
2338 643 2402 706 in
2454 644 2574 706 fide
2624 692 2635 699 .

198 740 494 789 maneant.
571 724 868 789 Celeriter
913 726 1023 788 sibi
1069 726 1360 806 Senones,
1411 726 1704 803 Parisios,
1729 725 2034 804 Pictones,
2066 725 2409 808 Cadurcos,
2439 725 2575 791 Tu·
2617 732 2656 790 5

198 833 391 888 renes,
414 811 730 889 Aulercos,
762 811 1140 888 Lemovices,
1166 812 1392 891 Andes,
1441 813 1827 896 reliquosque
1870 831 2096 888 omnes,
2129 813 2231 895 qui
2279 832 2575 879 oceanum

198 897 521 978 attingunt,
569 897 868 979 adjungit.
951 896 1240 959 Omnium
1282 918 1579 961 consensu
1628 898 1708 960 ad
1746 916 1884 960 eum
1930 896 2194 960 defertur
2236 898 2575 982 imperium.

199 980 341 1063 Qua
361 981 573 1044 oblata
595 995 908 1065 potestate,
931 981 1219 1042 omnibus
1246 982 1321 1042 iis
1347 984 1695 1046 civitatibus
1718 983 1957 1044 obsides
1986 983 2261 1066 imperat.
2320 982 2577 1047 Certum

197 1086 513 1129 numerum
561 1065 817 1128 militum
846 1065 1118 1128 celeriter
1146 1066 1228 1128 ad
1256 1084 1320 1129 se
1367 1068 1590 1128 adduci
1629 1069 1826 1150 jubet.
1908 1068 2237 1130 Armorum
2287 1086 2580 1152 quantum

198 1172 456 1234 queque
485 1151 697 1215 civitas
721 1151 906 1228 domi,
978 1152 1222 1233 uodque
1252 1163 1392 1212 ante
1413 1164 1650 1234 tempus
1677 1153 1917 1231 efficiat,
1947 1154 2274 1216 constituit.
2352 1154 2425 1217 ln
2454 1157 2663 1240 pri-10

196 1236 630 1384 2336ᾳυίωωί
643 1237 876 1384 ‘effi
983 1256 1207 1405 W
1237 1235 1573 1383 :liiiikggititae
1604 1254 1899 1382 summtam
1918 1238 2167 1381 §uperii
2200 1240 2577 1341 severitatem

319 1338 510 1384 tttm
665 1338 728 1384 m
917 1342 986 1382 su
1175 1342 1198 1382 ι
1282 1342 1386 1382 ιιι
1453 1340 1672 1383 nesc
1985 1340 2367 1398 am,maore
2413 1346 2583 1388 com-

197 1407 383 1469 misso
412 1343 662 1485 deb-agga
700 1407 828 1490 igni
859 1422 1040 1489 atque
1068 1407 1348 1469 omnibus
1376 1341 1941 1469 tormentisf’gnlecat:
1986 1404 2212 1468 leviore
2226 1346 2319 1470 ’,ἀεὶ
2347 1411 2582 1489 caussa,

181 1493 444 1555 auribus
467 1493 739 1568 desectis,
765 1507 872 1555 aut
899 1506 926 1537 0
957 1492 1210 1574 singulis
1234 1492 1462 1555 effossis
1499 1491 1712 1569 oculis,
1756 1491 2003 1553 domum
2052 1492 2323 1572 remittit,
2354 1508 2420 1556 ut
2466 1496 2585 1558 sint

193 1576 306 1639 reli
351 1578 443 1640 uis
470 1579 860 1655 documento,
884 1591 944 1641 et
968 1578 1386 1679 magnitudine
1413 1598 1620 1660 poenae
1649 1589 2022 1660 perterreant
2045 1577 2216 1639 alios.
2590 1584 2665 1644 15

348 1707 364 1724 .
411 1660 527 1725 His
568 1663 879 1747 suppliciis
930 1664 1201 1726 celeriter
1245 1675 1464 1724 coacto
1515 1663 1806 1737 exercitu,
1859 1660 2174 1723 Luterium
2229 1660 2583 1728 Cadurcum

193 1767 456 1809 sumone
485 1747 793 1809 hominem
823 1748 1103 1809 audacia?
1133 1766 1271 1808 cum
1361 1759 1489 1808 arte
1536 1746 1850 1828 copiarum
1904 1746 1968 1806 in
2016 1745 2337 1809 Ruthenos
2366 1750 2584 1812 mittit:

192 1831 330 1916 ipse
374 1834 438 1893 in
467 1831 784 1912 Bituriges
826 1830 1247 1915 proficiscitur.
1369 1831 1474 1910 jus
1518 1831 1780 1891 adventu
1834 1828 2146 1910 Bituriges
2194 1832 2273 1893 ad
2325 1828 2586 1914 AEduos,

195 1937 468 1998 quorum
498 1930 673 1978 erant
695 1915 757 1976 in
787 1915 926 1991 fide,
956 1915 1192 1995 legatos
1222 1914 1481 1991 mittunt,
1513 1913 1846 1975 subsidium
1877 1926 2179 1994 rogatum,
2205 1936 2329 1997 quo
2352 1917 2588 1981 facilius

196 2001 469 2062 hostium
498 2002 710 2084 copias
739 1999 1031 2061 sustinere
1052 2000 1300 2082 possint.
1387 1997 1578 2061 AEdui
1619 1999 1696 2061 de
1724 1997 1980 2060 consilio
2028 1998 2390 2080 legatorum,
2439 2008 2674 2085 quos20

194 2084 430 2147 Caesar
452 2086 531 2148 ad
560 2086 894 2147 exercitum
920 2083 1262 2166 reliquerat,
1292 2084 1504 2169 copias
1546 2084 1846 2165 equitatus
1869 2083 2292 2167 peditatusque
2321 2088 2591 2151 subsidio

192 2168 588 2253 Biturigibus
618 2172 900 2232 mittunt:
945 2169 1048 2251 qui
1097 2190 1281 2251 quum
1329 2170 1406 2231 ad
1455 2168 1678 2231 flumen
1726 2167 1997 2251 Ligerim
2052 2171 2372 2250 venissent,
2427 2174 2593 2256 quod

192 2254 515 2337 Bituriges
539 2256 618 2317 ab
647 2253 870 2316 AEduis
898 2254 1134 2331 dividit,
1164 2275 1394 2338 paucos
1422 2255 1551 2316 dies
1578 2254 1664 2317 ibi
1682 2256 1926 2332 morati,
1944 2275 2141 2337 neque
2170 2256 2392 2320 flumen
2425 2273 2592 2322 trau-

193 2340 320 2404 sire
347 2341 501 2418 ausi,
531 2341 780 2403 domum
812 2352 1155 2402 revertunt:
1200 2339 1537 2422 legatisque
1564 2342 1784 2427 nostris
1811 2340 2174 2419 renuntiant,
2208 2348 2247 2380 ‘⁶
2268 2363 2331 2405 se
2354 2341 2589 2407 Bituri-

195 2448 347 2576 3:¹33
375 2425 2671 2596 ffiffiffizffiffffissfflffiss251¹5r¹iffl²ss¹v⁸22m50333223112⁵

195 2598 538 2662 sisterent?
618 2596 694 2661 Id
723 2597 874 2660 eane
897 2597 974 2661 de
1002 2597 1236 2674 caussa,
1268 2618 1450 2680 quam
1475 2598 1691 2680 legatis
1722 2598 2208 2682 pronuntiarunt,
2230 2621 2308 2663 an
2334 2603 2593 2686 perfidia

194 2684 456 2747 adducti
499 2684 767 2761 feceriut,
816 2682 981 2767 quod
1025 2683 1176 2745 nihil
1205 2684 1382 2746 nobis
1426 2699 1682 2760 constat,
1713 2704 1836 2745 non
1866 2684 2105 2747 videtur
2173 2707 2241 2748 ro
2271 2701 2439 2750 certo
2462 2691 2593 2752 esse

194 2771 575 2854 ponendum.
661 2768 973 2852 Bituriges
1013 2787 1225 2832 eorum
1269 2769 1534 2832 discessu
1583 2770 1783 2833 statim
1825 2791 1887 2833 se
1929 2791 2070 2833 cum
2176 2774 2405 2836 rvernis
2444 2795 2594 2838 cou-

183 2876 259 2938 Ju
280 2939 403 3004 VI.
442 2868 566 3004 tI‘Iis
595 2942 774 3004 rebus
826 2940 889 3002 in
936 2937 1177 3002 Italiam
1210 2938 1452 3002 Coesari
1497 2939 1806 3016 nuntiatis,
1851 2961 2039 3022 quum
2071 2941 2207 3022 jam
2236 2939 2338 3004 ille
2374 2862 2680 3008 virtute3⁰

197 3025 319 3091 Cn.
357 3025 642 3112 Pompeii
672 3028 937 3089 urbanas
966 3043 1060 3086 res
1089 3024 1566 3087 commodiorem
1596 3026 1659 3086 in
1690 3038 1908 3085 statum
1930 3026 2271 3106 pervenisse
2294 3028 2596 3110 intellige-

196 3127 304 3190 ret,
331 3113 404 3174 in
433 3111 871 3197 transalpinam
905 3109 1170 3173 Galliam
1212 3109 1517 3194 profectus
1546 3123 1654 3171 est.
1744 3106 1844 3170 Εὸ
1876 3129 2060 3190 quum
2093 3110 2368 3187 venisset,
2422 3133 2597 3196 mag-

195 3197 276 3261 ns
305 3198 668 3262 difficultate
710 3196 1104 3274 afficiebatur,
1136 3195 1258 3278 qua
1286 3196 1522 3257 ratione
1553 3195 1631 3257 ad
1660 3192 1990 3258 exercitum
2034 3195 2346 3278 pervenire
2374 3211 2597 3280 posset.

196 3281 259 3345 N
261 3305 372 3347 am
397 3284 448 3346 si
474 3283 742 3367 legiones
768 3284 830 3346 in
872 3281 1250 3367 provinciam
1277 3295 1630 3359 accerseret,
1662 3301 1725 3342 se
1751 3280 2016 3356 absente,
2048 3279 2112 3342 in
2143 3280 2355 3344 itinere
2377 3282 2680 3383 proeliossS

195 3369 601 3432 dimicaturas
629 3368 1034 3451 intelligebat:
1080 3368 1129 3429 si
1156 3367 1284 3450 ipse
1311 3366 1393 3429 ad
1431 3368 1760 3430 exercitum
1792 3366 2199 3444 contenderet,
2246 3387 2323 3430 ne
2363 3369 2436 3430 iis
2466 3369 2601 3453 qui-

197 3453 366 3532 dem,
397 3455 504 3539 qui
533 3476 609 3518 eo
638 3468 909 3538 tempore
937 3453 1141 3538 pacati
1165 3452 1529 3531 viderentur,
1577 3473 1746 3515 suam
1793 3451 2047 3518 salutem
2093 3451 2258 3515 recte
2302 3455 2600 3519 committi

195 3540 474 3604 videbat.

282 3623 443 3690 Vll.
487 3623 739 3690 Interim
770 3623 1056 3688 Luterius
1085 3622 1412 3687 Cadurcus
1435 3624 1498 3687 in
1522 3621 1843 3686 Ruthenos
1871 3622 2107 3702 missus,
2137 3645 2270 3687 eam
2293 3625 2599 3688 civitatem

197 3709 498 3775 Arvernis
523 3711 829 3775 conciliat.
918 3708 1291 3791 Progressus
1316 3710 1378 3772 in
1409 3708 1791 3791 Nitiobriges
1820 3722 1881 3770 et
1901 3707 2196 3787 Gabalos,
2222 3711 2301 3772 ab
2331 3711 2687 3792 utrisque40

197 3797 452 3861 obsides
490 3796 743 3884 accipit:
791 3809 852 3860 et
894 3791 1125 3879 magna
1166 3794 1386 3858 coacta
1426 3817 1635 3873 manu,
1683 3795 1746 3857 iu
1799 3794 2201 3879 provinciam,
2241 3791 2602 3858 Narbonem

1000 3930 1512 3995 aummwwm.
1582 3930 1890 3995 snitu-43⁰.

259 4054 310 4099 8.
353 4049 622 4113 Gedru-eosq
658 4049 887 4108 Cadurci,
907 4048 1041 4097 Ceus:
1055 4048 1112 4095 de
1135 4047 1338 4108 Qasr-cy„
1476 4049 1591 4097 teris
1612 4046 1801 4107 populis
1818 4047 1963 4105 supra
1977 4047 2173 4094 dictum.

257 4115 310 4162 θ.
345 4113 602 4176 mm]
635 4114 949 4161 Aulercorum
971 4111 1145 4171 triplex
1159 4120 1232 4158 est
1245 4124 1414 4171 genus,
1538 4111 1616 4156 40.
1648 4108 1967 4172 Miobn'gcsj
2000 4111 2211 4163 Quorum
2246 4114 2394 4168 caput
2429 4103 2688 4158 Ptolem-0

189 4176 478 4224 Cenomani
507 4190 624 4226 estex
660 4177 716 4223 de
752 4177 907 4224 um.
973 4174 1068 4221 Alii
1105 4173 1416 4230 Eburovices,
1477 4174 1522 4221 Δ
1560 4172 1743 4229 ‘numm
1764 4172 1809 4220 A
1840 4187 1912 4220 en.

193 4253 320 4287 cua:
337 4237 596 4287 &Emeum
659 4238 756 4286 Alii
773 4238 1060 4294 Diablintes,
1077 4250 1226 4295 supra
1245 4235 1321 4284 vel
1343 4236 1414 4283 in·
1601 4270 1612 4282 .
1667 4187 1883 4283 Gobagn.
1956 4233 2131 4282 Gabali
2172 4246 2287 4281 ceux
2325 4230 2381 4278 de
2428 4229 2691 4282 cavando·

196 4302 281 4350 fra
297 4301 525 4350 Venetos.
1478 4312 1683 4359 quorum
1700 4306 1847 4356 caput
1946 4296 2153 4344 deritum
2175 4303 2248 4344 est
2270 4292 2545 4341 Ptolemoeo.

260 4364 339 4412 tu.
377 4362 670 4425 lemovica]
707 4361 816 4410 Non
845 4369 956 4411 sunt
992 4361 1025 4408 il
1059 4361 1142 4422 qul
1179 4360 1416 4409 Cadur-cis
1540 4361 1618 4407 41.
1650 4359 1919 4408 Narbonem
1955 4357 2145 4419 venua]
2182 4356 2257 4404 De
2280 4355 2510 4404 Narbone
2532 4355 2690 4415 supra.

187 4437 315 4487 punt
336 4427 544 4484 finitimi,
587 4427 675 4472 sed
718 4425 767 4472 in
807 4423 1070 4472 Armorica.
1135 4423 1416 4471 Lemovices
1481 4421 1577 4471 ch
1598 4421 1713 4468 verb
1733 4424 2014 4476 notandum,
2051 4420 2101 4467 in
2137 4433 2283 4467 aureo
2322 4418 2403 4466 illo
2442 4418 2692 4476 latinitatis

194 4491 335 4537 enirn
376 4498 492 4538 sunt
531 4488 763 4547 duplices,
803 4486 1039 4534 Armorici
1082 4493 1131 4532 et
1174 4485 1415 4546 Aquitani.
1479 4500 1612 4545 purte
1656 4484 1848 4540 saeculo,
1885 4496 2131 4543 nunquam
2171 4481 2310 4529 aliter
2354 4481 2448 4530 dici
2484 4480 2693 4539 mauu,

192 4549 397 4600 Priores
418 4550 700 4614 conjectura
722 4559 794 4597 est
817 4563 916 4597 non
938 4548 1055 4596 levis
1091 4562 1214 4606 esse,
1252 4548 1383 4597 Leon
1397 4562 1419 4605 ,·
1478 4547 1622 4608 quam
1660 4546 1927 4605 postposito
1970 4544 2137 4593 varias.
2204 4544 2483 4592 Narbonem
2505 4543 2692 4603 versus,

191 4616 516 4673 posteriores,
538 4610 780 4662 umnam.
1480 4626 1579 4657 non
1600 4607 1763 4658 versus
1786 4609 2080 4657 Narbonem.
2145 4607 2364 4667 sequiori
2387 4615 2528 4660 astate
2550 4606 2693 4656 diter

265 4677 345 4728 17.
375 4674 645 4748 Mnus]
679 4672 1186 4737 mensamque.
1230 4672 1308 4724 Dc
1324 4689 1413 4725 σε·
1476 4674 1647 4775 νίιὶπη.
