3059 5050
445 346 566 407 170
1223 330 1350 397 DE
1394 330 1698 397 BELLO
1742 332 2133 400 GALLICO

527 494 740 567 guunt,
770 479 990 564 partim
1019 479 1471 543 interscindunt.
1560 479 1769 564 Quum
1799 483 2184 565 pertinaciter
2210 482 2552 545 resisterent
2578 484 2889 567 oppidani,

490 570 497 583 '
525 582 586 629 et
602 568 737 648 jam
768 563 993 646 magni
1020 577 1189 647 parte
1221 586 1465 627 suorum
1508 566 1604 627 siti
1636 566 1873 643 amissi,
1904 568 1968 628 in
1996 566 2285 629 sententifi
2319 583 2765 650 permanerent:
2809 571 2890 633 ad

527 665 895 736 postremum
942 649 1236 711 cuniculis
1265 670 1438 712 venae
1465 650 1648 712 fontis
1676 651 1974 713 intercisae
2003 665 2157 727 sunt,
2203 664 2382 732 atque
2411 672 2660 713 aversae.
2742 652 2888 735 Quo

530 734 692 798 sacto
722 734 966 817 repente
997 733 1130 794 fons
1159 735 1436 816 perennis
1464 735 1810 811 exhaustus,
1842 748 2070 797 tantam
2102 735 2299 797 attulit
2334 735 2657 819 oppidanis
2684 737 2888 799 salutis

447 824 487 883 5
531 819 1027 902 desperationem,
1054 829 1118 879 ut
1146 819 1209 880 id
1233 839 1356 881 non
1386 819 1694 881 hominum
1719 819 1993 897 consilio,
2019 821 2122 882 sed
2146 819 2416 881 Deorum
2439 819 2747 884 voluntate
2762 820 2888 884 fac-

531 917 656 965 tum
770 916 983 965 tarent.
1070 901 1285 985 ltaque
1309 904 1656 965 necessitate
1685 906 1903 981 coacti,
1935 925 1998 966 se
2020 904 2485 967 transdiderunt.

615 924 854 1049 xffiV.
900 986 1136 1064 Caesar,
1168 1008 1350 1069 quum
1382 1008 1551 1050 suam
1581 987 1885 1051 lenitatem
1911 990 2219 1070 cognitam
2250 989 2528 1067 omnibus
2556 989 2753 1066 sciret,
2782 1011 2889 1052 ne-

532 1093 648 1155 que
676 1085 996 1149 vereretur,
1040 1092 1117 1133 ne
1146 1073 1290 1154 quid
1338 1073 1687 1135 credulitate
1730 1088 1964 1136 naturae
2009 1072 2310 1137 videretur
2351 1074 2615 1157 asperius
2643 1073 2890 1154 secisse3

532 1177 724 1239 neque
753 1157 980 1219 exitum
1010 1156 1397 1219 consiliorum
1423 1177 1666 1218 suorum
1691 1158 2205 1234 animadverteret,
2232 1158 2281 1218 si
2305 1157 2412 1219 tali
2438 1158 2664 1220 ratione
2693 1159 2891 1220 diver-

455 1243 612 1306 lOsis
641 1243 703 1305 in
733 1242 882 1304 locis
911 1242 1109 1325 plures
1150 1241 1442 1305 rebellare
1487 1242 1837 1325 coepissent3
1878 1242 2159 1326 exemplo
2201 1241 2481 1326 supplicii
2508 1242 2893 1307 deterrendos

531 1326 793 1409 reliquos
821 1326 1202 1388 existimavit.
1278 1324 1490 1409 Itaque
1517 1327 1817 1403 omnibus,
1847 1327 1950 1409 qui
1979 1348 2148 1389 arma
2176 1326 2453 1404 tulerant,
2484 1348 2697 1389 manus
2732 1349 2894 1412 proe-
2950 1339 2961 1349 '

531 1410 697 1474 cidit.
743 1410 949 1473 Vitam
973 1411 1286 1487 concessit,
1312 1411 1432 1492 quo
1463 1412 1730 1473 testatior
1753 1424 1907 1473 esset
1939 1433 2123 1496 poena
2152 1412 2586 1494 improborum.
2634 1410 2893 1495 DrapeS‚

531 1517 708 1578 quem
738 1510 983 1579 captum
1013 1516 1139 1556 esse
1168 1497 1206 1557 a
1236 1494 1503 1557 Caninio
1550 1496 1753 1572 docui,
1801 1497 1925 1557 sive
1977 1496 2392 1578 indignatione
2438 1510 2498 1557 et
2525 1496 2733 1559 dolore
2760 1496 2895 1559 vin-

531 1580 828 1657 culorum,
859 1580 983 1641 sive
1005 1580 1221 1641 timore
1263 1580 1560 1663 gravioris
1586 1580 1884 1663 supplicii,
1996 1580 2124 1643 ucis
2153 1581 2364 1642 diebus
2387 1602 2514 1643 sese
2540 1582 2680 1643 cibo
2709 1581 2896 1644 absti-

454 1667 679 1742 l5nuit,
711 1680 890 1748 atque
918 1665 1003 1726 ita
1026 1664 1266 1727 interiit.
1353 1662 1592 1727 Eodem
1624 1678 1894 1749 tempore
2024 1666 2223 1742 terius,
2250 1686 2425 1747 quem
2450 1664 2786 1749 profugisse
2812 1687 2901 1735 ex

577 1751 749 1812 roelio
777 1750 1008 1833 scripsi,
1039 1770 1222 1831 quum
1248 1750 1311 1811 in
1326 1762 1689 1848 potestatem
1735 1749 1994 1812 venisset
2020 1748 2352 1834 Epasnacti
2404 1750 2682 1827 Arverni,
2737 1751 2898 1836 (cre-

529 1772 642 1896 bro
673 1835 832 1897 enim
881 1834 1185 1896 mutandis
1226 1834 1394 1911 locis,
1442 1833 1768 1897 multorum
1800 1834 1939 1897 fidei
1985 1856 2046 1896 se
2083 1836 2512 1912 committebat,
2556 1834 2721 1917 quod
2751 1855 2897 1898 nus-

530 1941 713 2003 quam
743 1920 965 1982 diutius
996 1920 1121 1980 sine
1147 1919 1416 2003 periculo
1444 1934 1852 1981 commoratus
1876 1915 2208 1996 videbatur,
2252 1940 2434 2002 quum
2477 1919 2589 1981 sibi
2619 1921 2898 1982 conscius

530 2019 702 2082 esset,
734 2005 913 2088 quam
941 2004 1249 2065 inimicum
1276 2004 1519 2065 deberet
1549 2002 1862 2066 Caesarem
1901 2004 2145 2090 habere)
2177 2005 2338 2066 hunc
2366 2002 2748 2088 Epasnactus
2777 2005 2899 2067 Ar-

449 2094 769 2167 20vernus,
795 2089 1191 2151 amicissimus
1219 2088 1431 2172 populi
1455 2087 1538 2149 R.
1569 2090 1698 2151 sine
1721 2089 2095 2151 dubitatione
2129 2089 2253 2151 ulla
2279 2090 2540 2151 vinctum
2570 2090 2647 2151 ad
2678 2087 2899 2152 Caesa·

526 2195 654 2236 rem
686 2175 878 2235 duxit.
1996 2210 2007 2229 ,

610 2256 816 2320 XLV.
849 2255 1156 2318 Labienus
1186 2256 1422 2318 interim
1453 2256 1517 2319 in
1546 2254 1821 2319 Treviris
1848 2271 2119 2341 equestre
2148 2259 2427 2343 proelium
2458 2259 2783 2321 secundum
2806 2259 2902 2322 fa·

530 2342 644 2423 cit3
687 2341 1219 2425 compluribusque
1246 2339 1520 2403 Treviris
1549 2342 1890 2419 interfectis,
1920 2357 1980 2405 et
2010 2342 2346 2421 Germanis,
2378 2345 2482 2427 qui
2511 2343 2659 2406 nulli
2682 2345 2903 2407 adver-

529 2427 630 2489 sus
654 2424 972 2490 Romanos
996 2426 1226 2489 auxilia
1249 2428 1653 2509 denegabant,
1679 2428 1980 2513 principes
2008 2450 2214 2491 eorum
2244 2430 2415 2491 vivos
2443 2429 2506 2490 in
2531 2450 2700 2491 suam
2724 2430 2904 2491 rede-

445 2513 623 2595 25git
651 2527 1028 2598 potestatem,
1061 2520 1240 2595 atque
1282 2513 1342 2575 in
1386 2513 1458 2574 iis
1501 2511 1726 2575 Surum
1757 2511 2047 2591 AEduum‚
2077 2514 2179 2597 qui
2208 2528 2267 2577 et
2294 2514 2545 2592 virtutis,
2573 2529 2633 2576 et
2661 2513 2906 2597 generis

529 2620 824 2660 summam
863 2598 1240 2696 nobilitatem
1283 2599 1566 2675 habebat,
1610 2599 1889 2681 solusque
1925 2621 2001 2661 ex
2032 2598 2249 2661 AEduis
2291 2601 2369 2661 a'd
2411 2599 2473 2662 id
2502 2613 2735 2683 tempus
2764 2619 2907 2683 per-

529 2696 832 2745 manserat
862 2704 926 2744 m
955 2683 1157 2745 armis.

612 2766 852 2831 XLVI.
883 2766 984 2830 Ea
1029 2789 1093 2830 re
1139 2767 1406 2849 cognita,
1455 2765 1694 2846 Coesar,
1726 2789 1911 2851 quum
1942 2769 2003 2830 in
2034 2769 2312 2832 omnibus
2358 2770 2629 2870 partibus
2675 2767 2908 2831 Gallim

525 2853 683 2915 bene
712 2874 806 2915 res
837 2866 1035 2936 gestas
1062 2853 1312 2929 videret,
1347 2852 1771 2936 judicaretque
1813 2855 2216 2938 superioribus
2247 2855 2468 2917 aestnvis
2500 2853 2764 2918 Galliam
2796 2855 2911 2916 de-

443 2938 752 3001 ssssvictam
776 2953 837 3001 et
864 2940 1174 3001 subactam
1199 2957 1348 3015 esse,
1377 2937 1769 3020 Aquitaniam
1800 2959 2109 3022 nunquam
2140 2940 2267 3023 ipse
2291 2940 2531 3016 adisset,
2562 2939 2665 3001 sed
2690 2959 2800 3022 per
2823 2938 2907 3000 P.

529 3022 822 3087 Crassum
854 3024 1118 3107 quadam
1141 3044 1219 3085 ex
1244 3037 1416 3107 parte
1444 3023 1795 3103 devicisset3
1858 3045 1994 3086 cum
2027 3046 2100 3087 11.
2126 3024 2463 3106 legionibus
2504 3024 2566 3085 in
2594 3044 2725 3086 eam
2760 3043 2910 3106 par-

528 3122 647 3172 tem
673 3125 762 3173 est
784 3109 1105 3194 profectus,
1127 3109 1230 3171 ubi
1256 3122 1589 3171 extremum
1615 3123 1851 3192 tempus
1872 3123 2250 3172 consumeret
2272 3110 2635 3172 oestivorum.
2690 3106 2912 3189 Quam

528 3215 678 3273 rem,
732 3196 887 3258 sicut
936 3208 1182 3271 caetera,
1241 3192 1512 3256 celeriter
1567 3192 1935 3275 feliciterque
1991 3194 2269 3256 confecit.
2354 3192 2636 3275 Namque
2691 3211 2913 3254 omnes

527 3280 881 3361 Aquitaniae
909 3280 1178 3341 civitates
1208 3277 1444 3359 legatos
1492 3278 1570 3339 ad
1618 3298 1755 3339 eum
1787 3279 2093 3354 miserunt,
2124 3279 2476 3360 obsidesque
2503 3278 2557 3338 ei
2587 3277 2912 3339 dederunt.

443 3361 767 3443 &Quibus
814 3365 991 3424 rebus
1021 3362 1222 3444 gestis,
1254 3362 1380 3445 ipse
1425 3381 1565 3422 cum
1595 3362 1862 3443 equitum
1894 3364 2180 3448 praesidio
2209 3361 2562 3425 Narbonem
2600 3361 2917 3445 profectus

411 3491 420 3496 -
527 3460 654 3507 est:
698 3448 1026 3509 exercitum
1137 3468 1166 3507 r
1194 3446 1430 3528 legatos
1455 3445 1520 3508 in
1551 3447 1804 3508 hiberna
1833 3449 2112 3511 deduxit:
2159 3469 2245 3510 w.
2276 3447 2544 3529 legiones
2586 3447 2649 3508 in
2677 3445 2917 3527 Belgio

532 3529 860 3593 collocavit
886 3552 1026 3594 cum
1130 3577 1145 3593 .
1175 3532 1469 3608 Antonio,
1500 3543 1560 3593 et
1588 3530 1668 3594 C.
1698 3529 2035 3610 Trebonio,
2063 3546 2125 3595 et
2150 3531 2227 3594 P.
2257 3530 2529 3608 Vatinio,
2558 3545 2616 3592 et
2640 3530 2722 3613 Q.
2748 3529 2917 3592 Tul-

535 3679 583 3726 3.
621 3677 899 3741 enatandis]
934 3678 1010 3725 De
1031 3678 1202 3738 quibus
1223 3693 1385 3737 supra.
1439 3717 1454 3732 .
1708 3681 2000 3740 temporibus
2032 3680 2251 3736 servisse,
2287 3694 2376 3727 nec
2400 3679 2505 3738 ipsi,
2526 3693 2630 3737 que
2653 3687 2767 3725 ante
2790 3677 2917 3724 suis·

509 3742 583 3790 11.
614 3741 789 3788 Manus
800 3740 1051 3805 praecidit]
1085 3740 1376 3799 Exemplum
1390 3740 1645 3788 crudelita·
1708 3752 1815 3790 sent
1836 3752 1989 3804 gesta,
2011 3758 2135 3790 curte
2154 3743 2326 3799 fuisse;
2359 3743 2441 3788 sed
2460 3742 2505 3786 id
2523 3755 2670 3785 unum
2691 3749 2919 3798 spectas·

444 3803 506 3852 tis
528 3799 750 3859 casaris,
793 3803 873 3863 qui
915 3802 964 3849 in
1008 3818 1173 3851 omnes
1212 3803 1359 3859 sevit,
1403 3804 1644 3850 neminem
1708 3819 1758 3851 se
1780 3815 1832 3851 ut
1852 3821 1904 3852 se
1936 3814 2064 3852 metu
2079 3803 2342 3865 expediret.
2404 3803 2639 3857 Quocirca
2662 3801 2823 3847 miultis
2847 3803 2921 3848 de

443 3880 599 3925 poenn
619 3865 799 3914 eximit.
864 3865 943 3913 Sic
979 3873 1092 3913 ante
1127 3866 1179 3914 iu
1217 3866 1425 3914 Venetos
1462 3868 1525 3912 ab
1563 3865 1644 3913 illo
1705 3881 1758 3914 se
1778 3867 1981 3926 penitae
2016 3866 2196 3914 neritis
2234 3865 2490 3927 ignovisse,
2511 3864 2640 3924 quod
2663 3863 2781 3910 nihil
2804 3879 2921 3910 am·

443 3928 849 3987 animadversum,
871 3928 948 3975 ubi
979 3929 1110 3975 omni
1140 3936 1307 3975 senatu
1330 3938 1505 3976 necato
1536 3928 1644 3976 reli·
1689 3937 1698 3942 “
1705 3931 1829 3990 plius
1843 3931 2086 3978 nocituros
2103 3931 2357 3976 credebat:
2392 3927 2511 3974 alios
2526 3941 2638 3973 vero
2656 3927 2763 3985 plus
2767 3925 2921 3985 justo

442 4003 562 4050 quos
585 3993 674 4038 sub
695 4005 876 4038 corona
898 3990 1122 4037 vendidit.
1187 3990 1271 4037 me
1302 4001 1464 4038 tamen
1497 3991 1642 4038 affec·
1702 3993 1963 4052 punivisse,
1980 4001 2031 4039 ut
2047 4006 2239 4040 securus
2257 3990 2332 4037 vel
2347 3997 2475 4036 tutus
2497 3990 2649 4035 fieret.
2714 3988 2784 4034 Ita
2805 3989 2922 4033 sac-

442 4061 548 4101 tare
578 4054 759 4112 patah
787 4052 1048 4100 clementie
1077 4054 1258 4100 famam
1295 4053 1496 4100 videtur.
1561 4053 1642 4102 ste
1704 4064 1804 4100 tum
1824 4063 1913 4111 est,
1942 4063 1997 4101 ut
2031 4051 2256 4102 adversos
2278 4051 2689 4098 Uxellodunenaeu
2710 4050 2927 4111 gravius

439 4114 1186 4165 deseadcioemnemncribit:
1220 4112 1640 4164 medemena·
1700 4117 2010 4166 consuluerit.
2073 4112 2931 4165 curiocaarismmramverade-

438 4179 645 4242 vorm-is,
669 4177 781 4227 bene
801 4176 927 4226 enim
948 4176 1033 4225 tibi
1051 4176 1263 4240 mgnum
1290 4192 1392 4224 sum
1406 4193 1428 4235 ,·
1457 4177 1581 4226 nihil
1609 4176 1643 4226 ὰ
1704 4179 1943 4227 scribebat
1965 4177 2205 4234 Ciceroni,
2241 4176 2351 4223 cum
2391 4177 2455 4222 ini
2492 4173 2711 4222 dicebat:
2745 4174 2935 4282 zum

429 4256 513 4305 yae
534 4242 683 4290 abe-e
705 4239 892 4302 longua
909 4238 1190 4288 audeliloele.
1253 4237 1460 4288 Velleius
1482 4239 1562 4286 lib.
1586 4253 1640 4313 ιε.
1702 4255 1798 4288 non
1818 4242 2053 4294 voluntate
2074 4243 2158 4288 aut
2190 4239 2366 4287 nutura
2400 4252 2497 4285 non
2532 4251 2622 4284 esse
2737 4298 2747 4308 .
2914 4269 2935 4292 ,

440 4364 526 4414 bus
542 4365 627 4431 qui
639 4301 864 4416 0023ae
881 4379 1015 4413 arma
1029 4364 1252 4420 tulerant,
1280 4334 1474 4427 ingvitf
1540 4364 1636 4412 Sed
1700 4302 2173 4428 “fflwquitanissm
2194 4313 2546 4425 vauriqmffse
2564 4361 2772 4434 adisset.)
2818 4361 2935 4406 Ar-

439 4425 555 4477 mod
587 4429 988 4477 commeandum
1023 4435 1115 4483 est,
1141 4427 1386 4474 Cesaram
1403 4428 1636 4475 barbaro·
1696 4437 1976 4489 gamm
1998 4435 2072 4475 est
2092 4437 2337 4484 nimquam
2359 4423 2556 4472 vacasse
2587 4423 2770 4468 Caesan
2795 4437 2938 4470 suos

437 4502 546 4549 mm
861 4490 999 4551 parvi
1023 4490 1217 4547 secisse,
1238 4489 1268 4537 a
1292 4490 1461 4549 quibus
1494 4490 1640 4536 metui
1701 4490 2069 4538 commentarios
2106 4489 2335 4596 relegere.
2400 4486 2551 4533 Aliter
2577 4485 2719 4557 enim·
2742 4495 2939 4531 emen-

438 4550 604 4606 voluit,
625 4552 796 4612 sol-p,
849 4568 959 4600 uun
981 4553 1111 4611 apud
1126 4552 1253 4599 cives
1269 4552 1516 4599 habitum
1531 4561 1639 4599 erat
1701 4550 1877 4606 annet,
1899 4568 2004 4612 quae
2020 4554 2083 4600 de
2106 4553 2215 4609 Aq-
2234 4550 2369 4602 tanlu
2389 4545 2607 4608 superins
2628 4557 2941 4605 scripserat,

438 4609 513 4679 {el
533 4612 740 4669 gloriam
772 4568 849 4660 ὦ
871 4614 1136 4672 infami-n,
1157 4615 1491 4672 respicientem
1509 4628 1524 4671 ;
1557 4628 1639 4661 eu-
1701 4623 1749 4660 et
1770 4630 1875 4675 qure
1899 4617 2140 4674 Augustus
2161 4613 2264 4671 ipse
2286 4619 2457 4672 postea
2474 4609 2770 4662 emend-vit,
2794 4623 2947 4679 prp—

433 4682 514 4730 με
548 4675 737 4729 quidem
773 4686 994 4720 naturam
1039 4674 1215 4733 optime
1258 4676 1352 4722 Dio
1395 4675 1639 4734 ἅσσα-ἰδία,
1700 4677 1810 4726 latis
1845 4677 2113 4735 Aquitania
2146 4674 2338 4731 finibus,
2375 4671 2484 4721 cum
2519 4685 2698 4720 novam
2734 4669 2947 4718 Gali-t

437 4730 551 4782 dum
572 4733 734 4794 prodit
750 4747 858 4783 eum
881 4735 995 4781 nihil
1018 4735 1278 4783 iracundiae
1289 4736 1528 4796 tribuisse,
1550 4741 1636 4786 sed
1700 4738 1978 4785 divisionem
2001 4734 2214 4786 instituit.

2726 4841 2753 4872 Q
