3059 5050
1169 237 1294 305 DE
1337 238 1640 304 BELLO
1685 238 2077 305 GALLICO

493 402 916 533 3¹¹3&
809 399 2247 555 ”⁰⁹⁶3Qffxfflumffifflfflffl
2265 382 2853 533 {mmsis

494 566 665 617 turus
691 569 879 617 esset:
923 574 1046 615 rem
1078 568 1306 636 gestam
1338 556 1399 616 in
1429 555 1819 618 Eburonibus
1842 554 2192 638 perscribit:
2236 555 2414 615 docet
2442 574 2650 617 omnes
2679 555 2853 638 pedi-

494 638 656 702 tatus
677 639 1088 721 equitatusque
1115 640 1324 723 copias
1341 636 1757 718 Trevirorum,
1779 662 1881 703 111.
1906 639 2095 701 millia
2112 658 2395 721 passuum
2418 637 2604 720 longe
2625 641 2703 701 ab
2728 640 2856 701 suis

415 726 455 785 6
499 723 708 785 castris
732 723 1087 785 consedisse.

581 805 817 869 XLVI.
863 805 1098 883 Caesar,
1123 808 1378 906 consilio
1405 809 1533 890 ejus
1561 810 1839 893 probato,
1892 809 2022 886 etsi,
2068 808 2371 907 opinione·
2395 828 2493 869 m.
2538 807 2852 906 legionum

497 892 779 972 dejectus,
810 891 889 952 ad
921 912 993 952 11.
1025 891 1300 967 redierat,
1348 904 1547 955 tamen
1593 914 1777 955 unum
1821 914 2159 956 communis
2198 892 2405 953 salutis
2449 892 2739 952 auxilium
2786 912 2857 953 m

475 975 799 1037 ⁴celeritate
823 976 1106 1057 ponebat.
1190 974 1374 1038 Venit
1402 979 1639 1058 magnis
1670 977 1974 1039 itineribus
2004 977 2065 1038 in
2092 975 2455 1038 Nerviorum
2498 976 2665 1037 fines.

495 1080 573 1121 ex
603 1061 860 1142 captivis
898 1060 1213 1141 cognoscit
1249 1081 1389 1143 quae
1436 1063 1599 1144 apud
1647 1060 2003 1123 Ciceronem

419 1144 768 1226 lopericulo
797 1164 890 1205 res
918 1143 1010 1205 sit.
1097 1141 1260 1205 Tum
1306 1145 1546 1207 cuidam
1594 1166 1671 1207 ex
1718 1145 2014 1226 equitibus

2752 974 2855 1037 Ibi

2136 1075 2362 1136 rantur,
2416 1073 2758 1141 quantoque
2788 1059 2855 1121 in

2057 1083 2251 1206 gallis
2298 1144 2536 1225 magnis
2583 1142 2855 1241 praemiis

496 1228 835 1312 persuadet,
864 1225 951 1289 uti
979 1226 1340 1291 Ciceronem
1385 1229 1699 1312 epistolam
1731 1229 1977 1291 deserat.
2062 1227 2242 1291 Hanc
2269 1226 2504 1290 Graecis
2544 1249 2781 1290 consen

497 1325 620 1374 tum
647 1311 859 1374 litteris
888 1311 1087 1388 mittit,
1117 1333 1213 1389 ne,
1243 1313 1573 1396 interceptis
1601 1312 1872 1396 epistolii,
1916 1326 2122 1375 nostra
2164 1314 2243 1374 ab
2287 1312 2556 1374 hostibus
2598 1312 2769 1373 consi
2795 1312 2859 1373 'a

496 1410 960 1478 cognoscantur.
1049 1395 1118 1457 Si
1148 1397 1315 1460 adire
1342 1418 1465 1463 non
1494 1399 1705 1480 possit,
1748 1412 1953 1460 monet
1980 1412 2046 1458 ut
2075 1396 2372 1479 tragulam
2416 1417 2551 1458 cum
2599 1417 2633 1457 e
2677 1395 2859 1457 istola

497 1481 576 1541 ad
602 1495 903 1543 amentum
933 1481 1218 1562 deligata,
1243 1482 1401 1544 intra
1441 1482 1803 1544 munitiones
1831 1495 2162 1543 castrorum
2194 1481 2457 1562 objiciat.
2544 1479 2620 1542 In
2669 1480 2861 1541 ‘tteris

419 1565 723 1642 lssscribit,
754 1586 817 1627 se
839 1587 978 1627 cum
1007 1565 1345 1647 legionibus
1367 1566 1698 1649 profectum
1729 1565 2001 1628 celeriter
2027 1565 2242 1627 affore:
2287 1566 2575 1641 hortatur,
2610 1576 2674 1625 ut
2704 1563 2858 1646 pris-

496 1649 685 1711 tinam
713 1649 992 1711 virtutem
1022 1650 1291 1711 retineat.
1380 1649 1593 1712 Gallus

495 1746 645 1810 tum,
677 1734 977 1814 tragulam
1009 1733 1205 1797 mittit.

1637 1649 1967 1733 periculum
2013 1651 2256 1724 veritus,
2303 1663 2371 1710 ut
2411 1662 2539 1710 erat
2580 1669 2861 1731 praecep-

1294 1733 1453 1796 Haec
1477 1756 1621 1797 casu
1652 1736 1732 1796 ad
1761 1734 1971 1795 turrim
1997 1734 2270 1809 adhaesit,
2296 1754 2487 1814 neque
2518 1734 2596 1793 ab
2634 1732 2863 1793 nostris

495 1817 686 1879 biduo
715 1818 1151 1894 animadversa,
1178 1818 1351 1879 tertio
1375 1819 1471 1880 die
1503 1819 1541 1880 ὁ,
1569 1820 1833 1900 quodam
1864 1818 2050 1879 milite
2090 1818 2476 1900 conspicitur,
2506 1818 2753 1899 dempta
2777 1816 2857 1877 ad

495 1899 856 1965 Ciceronem
882 1901 1160 1963 defertur.
1227 1900 1340 1963 Ille
1362 1903 1687 1984 perlectam
1718 1903 1781 1964 in
1802 1914 2100 1964 conventu
2123 1901 2377 1962 militum
2401 1901 2630 1976 recitat,
2662 1899 2862 1961 maxi·

411 1985 712 2069 miniique
733 2007 943 2049 omnes
971 1985 1183 2048 laetitiii
1212 1987 1414 2048 afficit.
1499 1985 1666 2047 Tum
1710 1986 1856 2048 sumi
1887 1986 2297 2047 incendiorum
2328 1985 2540 2068 procul
2567 1984 2862 2046 videban-

493 2084 628 2148 tun-3

713 2092 812 2133 uae
837 2090 930 2132 res
953 2090 1190 2131 omnem
1234 2071 1667 2133 dubitationem
1701 2070 1992 2133 adventus
2018 2069 2327 2151 legionum
2356 2069 2604 2153 expulit.

575 2152 702 2217 XL
762 2153 846 2215 11.
895 2152 1079 2230 Galli,
1124 2174 1188 2215 re
1217 2154 1466 2234 cognita
1495 2175 1603 2237 per
1626 2154 2058 2237 exploratoreS,
2090 2154 2463 2215 obsidionem
2494 2153 2861 2233 relinquunt,

492 2237 573 2298 ad
603 2236 913 2298 Coesarem
939 2237 1216 2298 omnibus
1235 2238 1428 2320 copiis
1452 2239 1839 2300 contendunt.
1894 2237 2010 2300 13ae
2034 2250 2206 2300 erant
2229 2251 2593 2299 armatorum
2622 2236 2865 2298 circiter

491 2319 682 2382 millia
709 2340 809 2383 nx.
898 2319 1141 2397 Cicero,
1183 2321 1327 2382 datii
1357 2321 1658 2398 facultate,
1690 2321 1935 2384 Gallum
1960 2325 2040 2383 ab
2069 2321 2280 2383 eodem
2302 2320 2648 2398 Verticone,

408 2405 677 2487 25supra
703 2406 1262 2482 demonstravimus,
1293 2407 1526 2489 repetit,
1547 2406 1648 2488 qui
1676 2405 1904 2469 litteras
1934 2407 2010 2468 ad
2045 2405 2353 2467 Caesarem
2385 2405 2651 2467 deserat:

2764 2341 2863 2381 em

2740 2422 2863 2466 unc

492 2489 795 2567 admonet,
844 2490 954 2552 iter
993 2489 1173 2553 caute
1218 2490 1653 2573 diligenterque
1682 2490 1901 2553 saciat:
1949 2490 2273 2574 perscribit·
2291 2490 2352 2553 in
2382 2490 2611 2567 litteriS,
2659 2489 2865 2551 hostes

487 2575 568 2636 ab
599 2595 661 2636 se
683 2575 1039 2652 discessisse,
1061 2593 1420 2657 omnemque
1444 2576 1522 2638 ad
1542 2597 1678 2637 eum
1700 2576 2141 2637 multitudinem
2173 2575 2554 2637 convertisse.
2614 2573 2865 2655 Quibus

489 2657 702 2720 litteris
746 2658 981 2722 circiter
1011 2659 1212 2721 media
1239 2672 1416 2721 nocte
1439 2658 1678 2722 Caesari
1708 2659 1923 2736 allatis,
1956 2680 2093 2721 suos
2136 2659 2279 2721 facit
2307 2659 2608 2734 certiores,
2634 2678 2866 2740 eosque

492 2742 572 2805 ad
590 2742 1002 2805 dimicandum
1033 2744 1236 2806 animo
1260 2744 1599 2806 confirmat.

1674 2742 1929 2806 Postero
1959 2745 2076 2821 die,
2101 2744 2237 2805 luce
2261 2743 2473 2826 prima,
2495 2755 2698 2804 movet
2727 2762 2865 2803 cas-

408 2827 603 2904 ssotra,
634 2839 694 2890 et
710 2827 948 2890 circiter
977 2827 1166 2889 millia
1187 2848 1472 2910 passuum
1505 2850 1592 2890 iv.
1618 2847 1991 2911 progressuS,
2024 2843 2186 2890 trans
2215 2827 2434 2889 vallem
2480 2848 2773 2909 magnam
2800 2839 2866 2888 et

489 2911 705 2989 rivum,
753 2912 1010 2974 hostium
1061 2912 1498 2974 multitudinem
1543 2913 1944 2994 conspicatur.
2030 2911 2187 2973 Erat
2214 2899 2420 2992 mag-ni
2444 2910 2697 2993 periculi
2746 2931 2864 2986 res,

489 3016 625 3057 cum
658 2997 837 3058 tantis
864 2995 1056 3080 copiis
1085 2995 1294 3078 iniquo
1338 2996 1476 3059 loco
1513 2996 1821 3059 dimicare.
1908 2994 2148 3058 Tamen
2196 2996 2482 3077 quoniam
2537 2995 2859 3056 liberatum

490 3080 807 3142 obsidione
835 3078 1193 3143 Ciceronem
1224 3081 1471 3157 sciebat,
1504 3100 1696 3162 eoque
1720 3080 1966 3143 omnino
2008 3079 2426 3141 remittendum
2457 3079 2533 3141 de
2556 3077 2864 3140 celeritate

488 3164 891 3241 existimabat,
933 3164 1224 3242 consedit,
1254 3178 1332 3241 et,
1365 3165 1547 3248 quam
1579 3164 1924 3247 aequissimo
1951 3164 2092 3225 loco
2119 3176 2332 3248 potest,
2356 3176 2557 3225 castra
2584 3183 2862 3225 commu·

465 3318 514 3362 3.
545 3317 660 3364 Rem
694 3323 868 3377 gedam
887 3318 941 3366 in
971 3318 1293 3368 Ebttorons‘bus
1321 3319 1596 3383 perscribit]

407 3377 669 3426 Verebatur
705 3381 831 3425 enim
871 3396 933 3427 ne
972 3381 1134 3428 Caesar
1177 3384 1432 3442 ignoraret.
1496 3383 1599 3429 Nec

405 3439 532 3486 enim
557 3440 766 3487 Labieno
787 3442 1038 3500 quicquam
1059 3443 1187 3489 aliud
1217 3444 1378 3490 Coesar
1399 3442 1597 3501 scripse-

405 3509 500 3557 rat,
535 3500 626 3547 nisi
661 3510 713 3548 ut
747 3503 794 3549 in
817 3503 1015 3550 Nervios
1047 3504 1241 3562 veniret,
1277 3505 1600 3552 calamitatem

405 3571 653 3620 acceptam
674 3562 1009 3622 dissimularat,
1041 3566 1115 3612 vel
1154 3580 1412 3625 properans
1445 3575 1601 3613 tacue-

405 3633 494 3733 sst.
574 3625 765 3672 Solebat
806 3627 931 3672 enim
974 3629 1222 3686 perbreves
1265 3627 1445 3674 litteras
1489 3629 1601 3674 scri·

466 3701 532 3733 re.

467 3750 511 3794 6.
561 3748 680 3805 Etsi,
784 3748 796 3759 '
831 3749 932 3798 ione
962 3750 1441 3813 111.1e.g·t‘omnn‚&c.]
1493 3750 1600 3800 Plu-

403 3810 598 3917 taflchus
620 3812 746 3858 scrib
762 3822 782 3857 t
808 3813 1101 3860 contraxisse
1130 3814 1322 3860 omnino
1343 3827 1432 3861 vn.
1454 3813 1602 3861 millia·

405 3885 455 3916 m
492 3873 621 3918 itum.

472 3935 545 3980 ll.
577 3934 717 3981 Hanc
753 3935 924 3983 Grecis
941 3936 1238 3998 conscriptam
1259 3935 1455 3997 litteris]
1491 3936 1600 3982 Hoc

404 4003 477 4041 est
498 3997 650 4042 verbis
668 3997 859 4043 Grecis.
925 3998 1126 4044 Litteras
1147 3998 1272 4043 enim
1303 3999 1494 4044 Graecas
1516 3999 1599 4043 ba-

405 4057 582 4103 bebant
602 4067 648 4104 et
669 4058 811 4112 Galli,
833 4067 884 4104 ut
904 4066 974 4104 est
989 4073 1046 4104 ex
1069 4059 1145 4104 lib.
1169 4073 1203 4105 1.
1224 4059 1484 4118 cognitum,
1505 4072 1600 4115 quo

407 4118 506 4164 sere
522 4121 663 4166 modo
676 4133 840 4166 omnes
863 4120 1081 4178 Europaei
1095 4120 1201 4180 jam
1225 4119 1410 4166 Latinis
1432 4120 1598 4166 litteris

404 4194 668 4227 sermonem
699 4194 834 4227 suum
866 4182 1182 4228 conscribunt.
1246 4181 1386 4227 Hanc
1425 4183 1597 4239 episto-

404 4240 501 4286 lam
558 4245 831 4300 perbrevem
889 4245 1031 4288 refert
1071 4237 1319 4303 Polyaenus
1361 4244 1597 4300 ιῦσολιειῖ,

405 4316 488 4346 seu
526 4304 638 4358 ipsis
679 4304 833 4350 verbis
873 4304 953 4351 lib.
991 4319 1102 4352 vm.
1183 4305 1349 4365 Ksu‘eq
1392 4305 1596 4368 Χαίρω.

409 4359 640 4423 apodixin
666 4366 863 4417 mun.
932 4366 1086 4414 Gaesar
1102 4365 1324 4414 Ciceroni.
1389 4368 1598 4429 Erpa-ta

405 4422 652 4468 auxilium.

473 4480 544 4524 14.
575 4484 855 4546 Articulum]
890 4488 978 4533 Est
1009 4489 1178 4546 lorum,
1212 4504 1307 4547 quo
1341 4490 1595 4536 revincitur

1903 3321 2159 3369 -Ιιααα
2168 3322 2371 3385 juvatur
2387 3326 2583 3369 mmm·

1726 3446 1796 3494 17.
1832 3444 1945 3492 Ηιεσ
1970 3445 2115 3506 casm]
2151 3444 2377 3502 Consilio,
2414 3461 2507 3491 non
2528 3459 2646 3492 casu
2668 3445 2866 3508 adjecta

1661 3507 1765 3562 suit,
1802 3506 1841 3552 si
1865 3506 2007 3552 Dioni
2044 3507 2174 3552 fides.
2239 3507 2333 3553 Sed
2364 3507 2517 3552 Groeci
2547 3506 2689 3554 facile
2718 3509 2767 3555 in
2789 3522 2864 3554 ct·-

1664 3582 1817 3614 rorem
1850 3568 1971 3625 lapsi
1992 3577 2116 3623 sunt,
2140 3569 2408 3629 ignorantia
2431 3568 2586 3614 Latini
2610 3569 2862 3616 sermonis.

1665 3629 1912 3689 Polymns
1934 3628 2044 3675 vero
2064 3629 2144 3676 lib.
2168 3645 2276 3676 vul.
2300 3640 2440 3675 noctu
2458 3631 2506 3675 id
2529 3632 2708 3676 sactum
2731 3631 2863 3677 dicit.

1663 3691 1799 3743 Quod
1814 3698 1861 3736 et
1881 3704 2110 3749 perquam
2129 3690 2394 3738 verisimile.

1730 3753 1800 3798 19.
1834 3752 2166 3813 Inconventu]
2202 3753 2489 3806 Conventus,
2511 3753 2783 3808 concilium,
2814 3763 2864 3801 et

1663 3814 1828 3859 concio
1857 3814 2042 3859 diversa
2064 3822 2186 3860 sunt.
2252 3814 2325 3860 Ad
2362 3814 2639 3860 concionem
2676 3828 2863 3871 omnes,

1663 3876 1723 3921 ad
1746 3885 2026 3921 conventuun
2048 3877 2287 3933 proximus
2303 3876 2516 3933 quisque,
2530 3877 2593 3921 ad
2607 3875 2861 3921 concilium

1661 3936 1822 3996 leg-ati,
1864 3938 2056 3993 tribuni,
2090 3938 2437 3995 primorumque
2479 3938 2700 3983 ordinum
2734 3939 2861 3995 prin·

1661 3999 1791 4056 cipes
1826 4001 2131 4044 vocabantur.
2196 3999 2302 4046 Hoc
2338 3999 2479 4065 porro
2512 3999 2619 4045 loco
2656 4013 2756 4044 non
2791 4007 2861 4045 est

1662 4060 1861 4118 epistola
1898 4060 1944 4104 in
1980 4061 2205 4106 concione
2238 4059 2378 4113 lecta,
2413 4061 2525 4117 quia
2558 4057 2658 4106 non'
2695 4075 2859 4106 omnes

1661 4119 1825 4168 Graece
1846 4121 2073 4176 sciebant,
2098 4123 2178 4167 sed
2213 4122 2259 4166 in
2297 4131 2531 4170 conventu
2565 4121 2858 4168 delectorum

1660 4183 1855 4241 aliquot,
1885 4182 1964 4240 qui
2000 4181 2161 4229 Graece
2194 4184 2420 4239 sciebant,
2456 4191 2504 4229 et
2538 4184 2722 4230 ceteris
2760 4197 2857 4230 rem

1660 4253 1793 4291 erant
1819 4245 2066 4289 narraturi.

1719 4308 1795 4352 20.
1836 4304 2099 4367 Tumftnm'
2117 4304 2471 4367 incendiorum]
2506 4305 2634 4352 Nota
2653 4307 2859 4353 Caesaris

1660 4368 2043 4414 consuetudinem
2086 4368 2273 4413 hostilia
2315 4367 2513 4413 aedificia
2556 4368 2859 4421 incendendi,

1659 4443 1762 4487 quoe
1803 4429 1944 4474 etiam
1987 4428 2287 4489 cog-noscitur
2338 4428 2417 4474 lib.
2458 4443 2562 4476 vm.
2641 4429 2858 4490 Namque

1657 4491 1794 4537 eliam
1811 4489 1932 4536 illud
1948 4491 2135 4551 vulgare
2154 4489 2420 4536 incursionis
2434 4490 2620 4548 signum
2641 4491 2860 4544 hostium,

397 4536 627 4595 ,famulum
670 4551 720 4586 ut
757 4547 917 4594 fortius
949 4550 1158 4597 mittatur
1179 4560 1224 4599 et
1247 4551 1399 4597 serint.
1462 4552 1592 4598 Hinc
1655 4551 1777 4613 quod
1798 4550 2020 4597 incendiis
2050 4551 2351 4613 ‹edificiortun
2379 4551 2584 4612 intelligi
2611 4551 2860 4607 coruucvil,

406 4596 515 4640 illud
542 4597 641 4643 Silii
657 4601 830 4648 Italici:

1657 4612 1850 4660 Coesaris
1870 4611 1922 4657 id
1941 4617 2037 4659 erat
2059 4612 2295 4660 iulet-dicto
2311 4612 2556 4660 sublatum.

2372 4685 2380 4720 ι
