<?xml version="1.0" encoding="UTF-8"?>
<!DOCTYPE html PUBLIC "-//W3C//DTD XHTML 1.0 Transitional//EN"
    "http://www.w3.org/TR/xhtml1/DTD/xhtml1-transitional.dtd">
<html xmlns="http://www.w3.org/1999/xhtml" xml:lang="en" lang="en">
 <head>
  <title>
</title>
<meta http-equiv="Content-Type" content="text/html;charset=utf-8" />
  <meta name='ocr-system' content='tesseract 3.04.00' />
  <meta name='ocr-capabilities' content='ocr_page ocr_carea ocr_par ocr_line ocrx_word'/>
</head>
<body>
  <div class='ocr_page' id='page_1' title='image "./cjuliicaesarisq00celsgoog_0194.png"; bbox 0 0 3059 5050; ppageno 0'>
   <div class='ocr_carea' id='block_1_1' title="bbox 323 246 441 311">
    <p class='ocr_par' dir='ltr' id='par_1_1' title="bbox 323 246 441 311">
     <span class='ocr_line' id='line_1_1' title="bbox 323 246 441 311; baseline 0 -1"><span class='ocrx_word' id='word_1_1' title='bbox 323 246 441 311; x_wconf 78' lang='lat'>178</span> 
     </span>
    </p>
   </div>
   <div class='ocr_carea' id='block_1_2' title="bbox 1147 237 1942 305">
    <p class='ocr_par' dir='ltr' id='par_1_2' title="bbox 1147 237 1942 305">
     <span class='ocr_line' id='line_1_2' title="bbox 1147 237 1942 305; baseline -0.001 0"><span class='ocrx_word' id='word_1_2' title='bbox 1147 237 1271 305; x_wconf 86' lang='lat' dir='ltr'>DE</span> <span class='ocrx_word' id='word_1_3' title='bbox 1315 238 1620 305; x_wconf 87' lang='lat' dir='ltr'>BELLO</span> <span class='ocrx_word' id='word_1_4' title='bbox 1665 240 1942 304; x_wconf 75' lang='lat' dir='ltr'>clvlm</span> 
     </span>
    </p>
   </div>
   <div class='ocr_carea' id='block_1_3' title="bbox 325 386 2777 993">
    <p class='ocr_par' dir='ltr' id='par_1_3' title="bbox 325 386 2777 993">
     <span class='ocr_line' id='line_1_3' title="bbox 402 386 2767 475; baseline -0.001 -20"><span class='ocrx_word' id='word_1_5' title='bbox 402 391 477 455; x_wconf 86' lang='lat' dir='ltr'>iis</span> <span class='ocrx_word' id='word_1_6' title='bbox 504 389 889 475; x_wconf 85' lang='lat' dir='ltr'>impetratum</span> <span class='ocrx_word' id='word_1_7' title='bbox 913 401 1020 464; x_wconf 89' lang='lat' dir='ltr'>est,</span> <span class='ocrx_word' id='word_1_8' title='bbox 1046 388 1280 453; x_wconf 65' lang='lat' dir='ltr'>summa</span> <span class='ocrx_word' id='word_1_9' title='bbox 1307 388 1685 453; x_wconf 86' lang='lat' dir='ltr'>tribunorum</span> <span class='ocrx_word' id='word_1_10' title='bbox 1715 388 1908 472; x_wconf 83' lang='lat' dir='ltr'>plebis</span> <span class='ocrx_word' id='word_1_11' title='bbox 1936 386 2338 465; x_wconf 74' lang='lat' dir='ltr'><strong>contentione,</strong></span> <span class='ocrx_word' id='word_1_12' title='bbox 2360 401 2426 451; x_wconf 90' lang='lat' dir='ltr'>ut</span> <span class='ocrx_word' id='word_1_13' title='bbox 2453 389 2515 450; x_wconf 89' lang='lat' dir='ltr'>in</span> <span class='ocrx_word' id='word_1_14' title='bbox 2558 402 2767 453; x_wconf 76' lang='lat' dir='ltr'>setiam</span> 
     </span>
     <span class='ocr_line' id='line_1_4' title="bbox 403 470 2771 556; baseline -0.001 -17"><span class='ocrx_word' id='word_1_15' title='bbox 403 477 813 541; x_wconf 67' lang='lat' dir='ltr'><strong>recitarentur.</strong></span> <span class='ocrx_word' id='word_1_16' title='bbox 899 470 988 534; x_wconf 87' lang='lat' dir='ltr'>Ut</span> <span class='ocrx_word' id='word_1_17' title='bbox 1009 470 1152 534; x_wconf 78' lang='lat' dir='ltr'>vero</span> <span class='ocrx_word' id='word_1_18' title='bbox 1182 494 1260 535; x_wconf 80' lang='lat' dir='ltr'>ex</span> <span class='ocrx_word' id='word_1_19' title='bbox 1290 472 1499 534; x_wconf 88' lang='lat' dir='ltr'>litteris</span> <span class='ocrx_word' id='word_1_20' title='bbox 1529 473 1609 535; x_wconf 86' lang='lat' dir='ltr'>ad</span> <span class='ocrx_word' id='word_1_21' title='bbox 1651 486 1920 534; x_wconf 81' lang='lat' dir='ltr'>senatum</span> <span class='ocrx_word' id='word_1_22' title='bbox 1952 470 2283 550; x_wconf 76' lang='lat' dir='ltr'>referretur,</span> <span class='ocrx_word' id='word_1_23' title='bbox 2314 470 2618 556; x_wconf 80' lang='lat' dir='ltr'>impetrari</span> <span class='ocrx_word' id='word_1_24' title='bbox 2642 494 2771 536; x_wconf 88' lang='lat' dir='ltr'>non</span> 
     </span>
     <span class='ocr_line' id='line_1_5' title="bbox 403 554 2771 645; baseline -0.002 -23"><span class='ocrx_word' id='word_1_25' title='bbox 403 560 621 645; x_wconf 81' lang='lat' dir='ltr'>potuit.</span> <span class='ocrx_word' id='word_1_26' title='bbox 708 557 1000 620; x_wconf 83' lang='lat' dir='ltr'>Referunt</span> <span class='ocrx_word' id='word_1_27' title='bbox 1043 557 1318 619; x_wconf 86' lang='lat' dir='ltr'>consules</span> <span class='ocrx_word' id='word_1_28' title='bbox 1365 558 1443 619; x_wconf 87' lang='lat' dir='ltr'>de</span> <span class='ocrx_word' id='word_1_29' title='bbox 1488 578 1615 640; x_wconf 88' lang='lat' dir='ltr'>rep.</span> <span class='ocrx_word' id='word_1_30' title='bbox 1665 556 1753 642; x_wconf 91' lang='lat' dir='ltr'>(in</span> <span class='ocrx_word' id='word_1_31' title='bbox 1799 555 2064 641; x_wconf 87' lang='lat' dir='ltr'>civitate)</span> <span class='ocrx_word' id='word_1_32' title='bbox 2112 554 2188 617; x_wconf 88' lang='lat' dir='ltr'>L.</span> <span class='ocrx_word' id='word_1_33' title='bbox 2220 556 2511 619; x_wconf 84' lang='lat' dir='ltr'><strong>Lentulus</strong></span> <span class='ocrx_word' id='word_1_34' title='bbox 2555 556 2771 621; x_wconf 82' lang='lat' dir='ltr'>consul</span> 
     </span>
     <span class='ocr_line' id='line_1_6' title="bbox 408 640 2769 725; baseline -0.002 -18"><span class='ocrx_word' id='word_1_35' title='bbox 408 644 640 707; x_wconf 83' lang='lat' dir='ltr'>senatui</span> <span class='ocrx_word' id='word_1_36' title='bbox 664 644 868 725; x_wconf 89' lang='lat' dir='ltr'>reique</span> <span class='ocrx_word' id='word_1_37' title='bbox 892 640 1151 724; x_wconf 73' lang='lat' dir='ltr'>publicae</span> <span class='ocrx_word' id='word_1_38' title='bbox 1177 662 1240 703; x_wconf 82' lang='lat' dir='ltr'>se</span> <span class='ocrx_word' id='word_1_39' title='bbox 1265 660 1386 703; x_wconf 87' lang='lat' dir='ltr'>uon</span> <span class='ocrx_word' id='word_1_40' title='bbox 1415 640 1755 703; x_wconf 83' lang='lat' dir='ltr'>defuturum</span> <span class='ocrx_word' id='word_1_41' title='bbox 1788 640 2123 725; x_wconf 87' lang='lat' dir='ltr'>pollicetur,</span> <span class='ocrx_word' id='word_1_42' title='bbox 2153 641 2203 702; x_wconf 86' lang='lat' dir='ltr'>si</span> <span class='ocrx_word' id='word_1_43' title='bbox 2227 642 2510 703; x_wconf 80' lang='lat' dir='ltr'><strong>audacter</strong></span> <span class='ocrx_word' id='word_1_44' title='bbox 2550 662 2619 704; x_wconf 87' lang='lat' dir='ltr'>ac</span> <span class='ocrx_word' id='word_1_45' title='bbox 2643 641 2769 704; x_wconf 83' lang='lat' dir='ltr'>sor-</span> 
     </span>
     <span class='ocr_line' id='line_1_7' title="bbox 325 724 2771 808; baseline -0.002 -16"><span class='ocrx_word' id='word_1_46' title='bbox 325 733 364 793; x_wconf 83' lang='lat'><strong>5</strong></span> <span class='ocrx_word' id='word_1_47' title='bbox 410 730 548 791; x_wconf 86' lang='lat' dir='ltr'>titer</span> <span class='ocrx_word' id='word_1_48' title='bbox 577 728 892 791; x_wconf 84' lang='lat' dir='ltr'>sententias</span> <span class='ocrx_word' id='word_1_49' title='bbox 920 725 1119 788; x_wconf 85' lang='lat' dir='ltr'><strong>dicere</strong></span> <span class='ocrx_word' id='word_1_50' title='bbox 1148 725 1370 788; x_wconf 85' lang='lat' dir='ltr'>velint:</span> <span class='ocrx_word' id='word_1_51' title='bbox 1416 727 1506 787; x_wconf 87' lang='lat' dir='ltr'>sin</span> <span class='ocrx_word' id='word_1_52' title='bbox 1539 724 1849 788; x_wconf 81' lang='lat' dir='ltr'>Caesarem</span> <span class='ocrx_word' id='word_1_53' title='bbox 1882 726 2222 808; x_wconf 81' lang='lat' dir='ltr'>respiciant,</span> <span class='ocrx_word' id='word_1_54' title='bbox 2261 739 2438 808; x_wconf 85' lang='lat' dir='ltr'>atque</span> <span class='ocrx_word' id='word_1_55' title='bbox 2474 726 2599 806; x_wconf 85' lang='lat' dir='ltr'>ejus</span> <span class='ocrx_word' id='word_1_56' title='bbox 2628 748 2771 808; x_wconf 79' lang='lat' dir='ltr'>gra-</span> 
     </span>
     <span class='ocr_line' id='line_1_8' title="bbox 410 809 2774 894; baseline -0.003 -17"><span class='ocrx_word' id='word_1_57' title='bbox 410 814 555 877; x_wconf 89' lang='lat' dir='ltr'>tiam</span> <span class='ocrx_word' id='word_1_58' title='bbox 587 823 925 894; x_wconf 85' lang='lat' dir='ltr'>sequantur,</span> <span class='ocrx_word' id='word_1_59' title='bbox 969 826 1036 873; x_wconf 86' lang='lat' dir='ltr'>ut</span> <span class='ocrx_word' id='word_1_60' title='bbox 1073 809 1479 892; x_wconf 78' lang='lat' dir='ltr'>superioribus</span> <span class='ocrx_word' id='word_1_61' title='bbox 1510 810 1758 872; x_wconf 69' lang='lat' dir='ltr'>fecerint</span> <span class='ocrx_word' id='word_1_62' title='bbox 1786 811 2178 892; x_wconf 85' lang='lat' dir='ltr'>temporibus,</span> <span class='ocrx_word' id='word_1_63' title='bbox 2224 832 2284 871; x_wconf 88' lang='lat' dir='ltr'>se</span> <span class='ocrx_word' id='word_1_64' title='bbox 2313 811 2426 872; x_wconf 84' lang='lat' dir='ltr'>sibi</span> <span class='ocrx_word' id='word_1_65' title='bbox 2455 810 2774 887; x_wconf 86' lang='lat' dir='ltr'>consilium</span> 
     </span>
     <span class='ocr_line' id='line_1_9' title="bbox 412 890 2777 993; baseline -0.002 -32"><span class='ocrx_word' id='word_1_66' title='bbox 412 911 751 982; x_wconf 88' lang='lat' dir='ltr'>capturum,</span> <span class='ocrx_word' id='word_1_67' title='bbox 783 912 976 993; x_wconf 79' lang='lat' dir='ltr'>neque</span> <span class='ocrx_word' id='word_1_68' title='bbox 1006 890 1244 957; x_wconf 71' lang='lat' dir='ltr'>senatus</span> <span class='ocrx_word' id='word_1_69' title='bbox 1274 894 1616 957; x_wconf 78' lang='lat' dir='ltr'>auctoritati</span> <span class='ocrx_word' id='word_1_70' title='bbox 1649 896 2231 978; x_wconf 74' lang='lat' dir='ltr'>obtemperaturumz</span> <span class='ocrx_word' id='word_1_71' title='bbox 2276 895 2497 956; x_wconf 85' lang='lat' dir='ltr'>habere</span> <span class='ocrx_word' id='word_1_72' title='bbox 2526 915 2587 957; x_wconf 83' lang='lat' dir='ltr'>se</span> <span class='ocrx_word' id='word_1_73' title='bbox 2623 916 2777 977; x_wconf 86' lang='lat' dir='ltr'>quo-</span> 
     </span>
    </p>
   </div>
   <div class='ocr_carea' id='block_1_4' title="bbox 410 979 956 1147">
    <p class='ocr_par' dir='ltr' id='par_1_4' title="bbox 410 979 956 1147">
     <span class='ocr_line' id='line_1_10' title="bbox 412 979 926 1064; baseline -0.008 -20"><span class='ocrx_word' id='word_1_74' title='bbox 412 1004 527 1064; x_wconf 86' lang='lat' dir='ltr'>que</span> <span class='ocrx_word' id='word_1_75' title='bbox 551 982 630 1045; x_wconf 87' lang='lat' dir='ltr'>ad</span> <span class='ocrx_word' id='word_1_76' title='bbox 657 979 926 1043; x_wconf 75' lang='lat' dir='ltr'>Caesans</span> 
     </span>
     <span class='ocr_line' id='line_1_11' title="bbox 410 1064 956 1147; baseline -0.005 -19"><span class='ocrx_word' id='word_1_77' title='bbox 410 1066 658 1128; x_wconf 85' lang='lat' dir='ltr'>tentiam</span> <span class='ocrx_word' id='word_1_78' title='bbox 689 1064 956 1147; x_wconf 84' lang='lat' dir='ltr'>loquitur</span> 
     </span>
    </p>
   </div>
   <div class='ocr_carea' id='block_1_5' title="bbox 968 977 2778 1147">
    <p class='ocr_par' dir='ltr' id='par_1_5' title="bbox 968 977 2778 1147">
     <span class='ocr_line' id='line_1_12' title="bbox 968 977 2778 1125; baseline 0.001 -85"><span class='ocrx_word' id='word_1_79' title='bbox 968 994 1227 1125; x_wconf 55' lang='lat' dir='ltr'>{ranam</span> <span class='ocrx_word' id='word_1_80' title='bbox 1259 994 1438 1063; x_wconf 86' lang='lat' dir='ltr'>atque</span> <span class='ocrx_word' id='word_1_81' title='bbox 1468 979 1795 1041; x_wconf 80' lang='lat' dir='ltr'>amicitiam</span> <span class='ocrx_word' id='word_1_82' title='bbox 1839 994 2164 1062; x_wconf 91' lang='lat' dir='ltr'>receptum.</span> <span class='ocrx_word' id='word_1_83' title='bbox 2244 977 2320 1041; x_wconf 91' lang='lat' dir='ltr'>In</span> <span class='ocrx_word' id='word_1_84' title='bbox 2362 979 2614 1041; x_wconf 87' lang='lat' dir='ltr'>eandem</span> <span class='ocrx_word' id='word_1_85' title='bbox 2644 1000 2778 1041; x_wconf 83' lang='lat' dir='ltr'>sen-</span> 
     </span>
     <span class='ocr_line' id='line_1_13' title="bbox 1029 1063 2778 1147; baseline -0.001 -22"><span class='ocrx_word' id='word_1_86' title='bbox 1029 1065 1220 1146; x_wconf 87' lang='lat' dir='ltr'>cipio:</span> <span class='ocrx_word' id='word_1_87' title='bbox 1265 1063 1567 1147; x_wconf 89' lang='lat' dir='ltr'>Pompeio</span> <span class='ocrx_word' id='word_1_88' title='bbox 1596 1085 1723 1125; x_wconf 82' lang='lat' dir='ltr'>esse</span> <span class='ocrx_word' id='word_1_89' title='bbox 1768 1064 1827 1125; x_wconf 90' lang='lat' dir='ltr'>in</span> <span class='ocrx_word' id='word_1_90' title='bbox 1870 1063 2094 1139; x_wconf 82' lang='lat' dir='ltr'>animo,</span> <span class='ocrx_word' id='word_1_91' title='bbox 2140 1063 2289 1147; x_wconf 89' lang='lat' dir='ltr'>reip.</span> <span class='ocrx_word' id='word_1_92' title='bbox 2320 1085 2446 1125; x_wconf 91' lang='lat' dir='ltr'>non</span> <span class='ocrx_word' id='word_1_93' title='bbox 2474 1063 2697 1141; x_wconf 82' lang='lat' dir='ltr'>deesse,</span> <span class='ocrx_word' id='word_1_94' title='bbox 2728 1063 2778 1125; x_wconf 87' lang='lat' dir='ltr'>si</span> 
     </span>
    </p>
   </div>
   <div class='ocr_carea' id='block_1_6' title="bbox 335 1147 2829 1549">
    <p class='ocr_par' dir='ltr' id='par_1_6' title="bbox 335 1147 2829 1549">
     <span class='ocr_line' id='line_1_14' title="bbox 335 1147 2782 1232; baseline -0.001 -19"><span class='ocrx_word' id='word_1_95' title='bbox 335 1156 652 1214; x_wconf 82' lang='lat' dir='ltr'>lOsenatus</span> <span class='ocrx_word' id='word_1_96' title='bbox 678 1162 991 1232; x_wconf 75' lang='lat' dir='ltr'>sequaturz</span> <span class='ocrx_word' id='word_1_97' title='bbox 1037 1151 1126 1210; x_wconf 85' lang='lat' dir='ltr'>sin</span> <span class='ocrx_word' id='word_1_98' title='bbox 1173 1162 1505 1225; x_wconf 89' lang='lat' dir='ltr'>cunctetur,</span> <span class='ocrx_word' id='word_1_99' title='bbox 1549 1161 1727 1230; x_wconf 86' lang='lat' dir='ltr'>atque</span> <span class='ocrx_word' id='word_1_100' title='bbox 1771 1161 1917 1231; x_wconf 80' lang='lat' dir='ltr'>agat</span> <span class='ocrx_word' id='word_1_101' title='bbox 1957 1147 2170 1226; x_wconf 54' lang='lat' dir='ltr'>lenum,</span> <span class='ocrx_word' id='word_1_102' title='bbox 2215 1148 2621 1231; x_wconf 83' lang='lat' dir='ltr'>nequidquam</span> <span class='ocrx_word' id='word_1_103' title='bbox 2651 1150 2782 1230; x_wconf 77' lang='lat' dir='ltr'>ejus</span> 
     </span>
     <span class='ocr_line' id='line_1_15' title="bbox 412 1232 1739 1316; baseline -0.003 -18"><span class='ocrx_word' id='word_1_104' title='bbox 412 1235 727 1311; x_wconf 87' lang='lat' dir='ltr'>auxilium,</span> <span class='ocrx_word' id='word_1_105' title='bbox 758 1234 806 1295; x_wconf 84' lang='lat' dir='ltr'>si</span> <span class='ocrx_word' id='word_1_106' title='bbox 838 1247 1049 1316; x_wconf 85' lang='lat' dir='ltr'>postea</span> <span class='ocrx_word' id='word_1_107' title='bbox 1071 1232 1231 1309; x_wconf 88' lang='lat' dir='ltr'>velit,</span> <span class='ocrx_word' id='word_1_108' title='bbox 1257 1233 1739 1316; x_wconf 81' lang='lat' dir='ltr'>imploraturum.</span> 
     </span>
     <span class='ocr_line' id='line_1_16' title="bbox 495 1316 2829 1402; baseline -0.001 -20"><span class='ocrx_word' id='word_1_109' title='bbox 495 1319 580 1382; x_wconf 91' lang='grc' dir='ltr'>Π.</span> <span class='ocrx_word' id='word_1_110' title='bbox 628 1318 786 1382; x_wconf 88' lang='lat' dir='ltr'>Haec</span> <span class='ocrx_word' id='word_1_111' title='bbox 817 1317 1122 1401; x_wconf 85' lang='lat' dir='ltr'>Scipionis</span> <span class='ocrx_word' id='word_1_112' title='bbox 1150 1319 1367 1394; x_wconf 81' lang='lat' dir='ltr'>oratiO,</span> <span class='ocrx_word' id='word_1_113' title='bbox 1398 1317 1563 1401; x_wconf 77' lang='lat' dir='ltr'>qnod</span> <span class='ocrx_word' id='word_1_114' title='bbox 1589 1331 1829 1380; x_wconf 84' lang='lat' dir='ltr'>senatus</span> <span class='ocrx_word' id='word_1_115' title='bbox 1848 1317 1909 1380; x_wconf 88' lang='lat' dir='ltr'>in</span> <span class='ocrx_word' id='word_1_116' title='bbox 1939 1318 2087 1379; x_wconf 87' lang='lat' dir='ltr'>urbe</span> <span class='ocrx_word' id='word_1_117' title='bbox 2114 1318 2468 1394; x_wconf 84' lang='lat' dir='ltr'>habebatur,</span> <span class='ocrx_word' id='word_1_118' title='bbox 2493 1316 2785 1402; x_wconf 87' lang='lat' dir='ltr'>Pompei·</span> <span class='ocrx_word' id='word_1_119' title='bbox 2825 1390 2829 1394; x_wconf 38' lang='grc'><strong>,</strong></span> 
     </span>
     <span class='ocr_line' id='line_1_17' title="bbox 416 1400 2789 1549; baseline -0.001 -81"><span class='ocrx_word' id='word_1_120' title='bbox 416 1426 604 1487; x_wconf 86' lang='lat' dir='ltr'>usque</span> <span class='ocrx_word' id='word_1_121' title='bbox 634 1404 861 1480; x_wconf 83' lang='lat' dir='ltr'>aderat,</span> <span class='ocrx_word' id='word_1_122' title='bbox 886 1424 963 1464; x_wconf 82' lang='lat' dir='ltr'>ex</span> <span class='ocrx_word' id='word_1_123' title='bbox 995 1402 1179 1485; x_wconf 87' lang='lat' dir='ltr'>ipsius</span> <span class='ocrx_word' id='word_1_124' title='bbox 1209 1423 1314 1463; x_wconf 88' lang='lat' dir='ltr'>ore</span> <span class='ocrx_word' id='word_1_125' title='bbox 1360 1401 1643 1549; x_wconf 58' lang='lat' dir='ltr'>Porfflieii</span> <span class='ocrx_word' id='word_1_126' title='bbox 1674 1402 1828 1464; x_wconf 89' lang='lat' dir='ltr'>mitti</span> <span class='ocrx_word' id='word_1_127' title='bbox 1859 1402 2209 1483; x_wconf 76' lang='lat' dir='ltr'>videbatur.¹</span> <span class='ocrx_word' id='word_1_128' title='bbox 2277 1400 2541 1464; x_wconf 85' lang='lat' dir='ltr'>Dixerat</span> <span class='ocrx_word' id='word_1_129' title='bbox 2569 1402 2789 1502; x_wconf 70' lang='lat' dir='ltr'>aliquis</span> 
     </span>
    </p>
   </div>
   <div class='ocr_carea' id='block_1_7' title="bbox 411 1486 1447 1569">
    <p class='ocr_par' dir='ltr' id='par_1_7' title="bbox 411 1486 1447 1569">
     <span class='ocr_line' id='line_1_18' title="bbox 411 1486 1447 1569; baseline -0.004 -18"><span class='ocrx_word' id='word_1_130' title='bbox 411 1489 700 1552; x_wconf 89' lang='lat' dir='ltr'>leniorem</span> <span class='ocrx_word' id='word_1_131' title='bbox 727 1488 1110 1550; x_wconf 73' lang='lat' dir='ltr'>sententiamz</span> <span class='ocrx_word' id='word_1_132' title='bbox 1157 1499 1221 1548; x_wconf 90' lang='lat' dir='ltr'>ut</span> <span class='ocrx_word' id='word_1_133' title='bbox 1247 1486 1447 1569; x_wconf 79' lang='lat' dir='ltr'>primo</span> 
     </span>
    </p>
   </div>
   <div class='ocr_carea' id='block_1_8' title="bbox 1593 1484 2791 1569">
    <p class='ocr_par' dir='ltr' id='par_1_8' title="bbox 1593 1484 2791 1569">
     <span class='ocr_line' id='line_1_19' title="bbox 1593 1484 2791 1569; baseline 0.001 -20"><span class='ocrx_word' id='word_1_134' title='bbox 1593 1484 1940 1564; x_wconf 77' lang='lat' dir='ltr'>Marcellus,</span> <span class='ocrx_word' id='word_1_135' title='bbox 1971 1486 2274 1569; x_wconf 80' lang='lat' dir='ltr'>ingressus</span> <span class='ocrx_word' id='word_1_136' title='bbox 2303 1486 2367 1548; x_wconf 90' lang='lat' dir='ltr'>in</span> <span class='ocrx_word' id='word_1_137' title='bbox 2394 1507 2528 1549; x_wconf 90' lang='lat' dir='ltr'>eam</span> <span class='ocrx_word' id='word_1_138' title='bbox 2559 1500 2791 1550; x_wconf 70' lang='lat' dir='ltr'>oratio-</span> 
     </span>
    </p>
   </div>
   <div class='ocr_carea' id='block_1_9' title="bbox 341 1571 2791 1740">
    <p class='ocr_par' dir='ltr' id='par_1_9' title="bbox 341 1571 2791 1740">
     <span class='ocr_line' id='line_1_20' title="bbox 341 1571 2791 1671; baseline -0.001 -35"><span class='ocrx_word' id='word_1_139' title='bbox 341 1576 570 1651; x_wconf 79' lang='lat' dir='ltr'>l5nem‚</span> <span class='ocrx_word' id='word_1_140' title='bbox 596 1595 719 1636; x_wconf 91' lang='lat' dir='ltr'>non</span> <span class='ocrx_word' id='word_1_141' title='bbox 738 1585 1059 1671; x_wconf 85' lang='lat' dir='ltr'>opportere</span> <span class='ocrx_word' id='word_1_142' title='bbox 1078 1571 1218 1633; x_wconf 77' lang='lat' dir='ltr'>ante</span> <span class='ocrx_word' id='word_1_143' title='bbox 1244 1572 1322 1634; x_wconf 87' lang='lat' dir='ltr'>de</span> <span class='ocrx_word' id='word_1_144' title='bbox 1344 1593 1471 1655; x_wconf 90' lang='lat' dir='ltr'>rep.</span> <span class='ocrx_word' id='word_1_145' title='bbox 1498 1572 1579 1634; x_wconf 81' lang='lat' dir='ltr'>ad</span> <span class='ocrx_word' id='word_1_146' title='bbox 1608 1584 1878 1634; x_wconf 87' lang='lat' dir='ltr'>senatum</span> <span class='ocrx_word' id='word_1_147' title='bbox 1910 1571 2136 1647; x_wconf 84' lang='lat' dir='ltr'>referri,</span> <span class='ocrx_word' id='word_1_148' title='bbox 2161 1571 2344 1654; x_wconf 75' lang='lat' dir='ltr'>qnam</span> <span class='ocrx_word' id='word_1_149' title='bbox 2364 1571 2629 1634; x_wconf 87' lang='lat' dir='ltr'>delectus</span> <span class='ocrx_word' id='word_1_150' title='bbox 2657 1572 2791 1634; x_wconf 71' lang='lat' dir='ltr'>tota</span> 
     </span>
     <span class='ocr_line' id='line_1_21' title="bbox 412 1655 2791 1740; baseline -0.001 -19"><span class='ocrx_word' id='word_1_151' title='bbox 412 1657 593 1722; x_wconf 68' lang='lat' dir='ltr'>Italia</span> <span class='ocrx_word' id='word_1_152' title='bbox 643 1659 856 1734; x_wconf 75' lang='lat' dir='ltr'>habiti,</span> <span class='ocrx_word' id='word_1_153' title='bbox 922 1671 983 1719; x_wconf 86' lang='lat' dir='ltr'>et</span> <span class='ocrx_word' id='word_1_154' title='bbox 1027 1656 1326 1719; x_wconf 78' lang='lat' dir='ltr'>exercitus</span> <span class='ocrx_word' id='word_1_155' title='bbox 1372 1655 1692 1740; x_wconf 75' lang='lat' dir='ltr'>conscripti</span> <span class='ocrx_word' id='word_1_156' title='bbox 1744 1669 1968 1736; x_wconf 84' lang='lat' dir='ltr'>essent3</span> <span class='ocrx_word' id='word_1_157' title='bbox 2028 1678 2151 1740; x_wconf 88' lang='lat' dir='ltr'>quo</span> <span class='ocrx_word' id='word_1_158' title='bbox 2197 1657 2489 1740; x_wconf 76' lang='lat' dir='ltr'>proesidio</span> <span class='ocrx_word' id='word_1_159' title='bbox 2530 1658 2681 1735; x_wconf 80' lang='lat' dir='ltr'>tuto,</span> <span class='ocrx_word' id='word_1_160' title='bbox 2729 1671 2791 1720; x_wconf 88' lang='lat' dir='ltr'>et</span> 
     </span>
    </p>
   </div>
   <div class='ocr_carea' id='block_1_10' title="bbox 330 1845 1541 2524">
    <p class='ocr_par' dir='ltr' id='par_1_10' title="bbox 330 1845 1534 1971">
     <span class='ocr_line' id='line_1_22' title="bbox 333 1845 1530 1904; baseline -0.003 -10"><span class='ocrx_word' id='word_1_161' title='bbox 333 1847 622 1895; x_wconf 68' lang='lat' dir='ltr'>sanissimum</span> <span class='ocrx_word' id='word_1_162' title='bbox 636 1854 799 1893; x_wconf 82' lang='lat' dir='ltr'>tamen</span> <span class='ocrx_word' id='word_1_163' title='bbox 812 1845 1276 1904; x_wconf 53' lang='lat' dir='ltr'>subsannaturque</span> <span class='ocrx_word' id='word_1_164' title='bbox 1291 1857 1530 1891; x_wconf 81' lang='lat' dir='ltr'>summam</span> 
     </span>
     <span class='ocr_line' id='line_1_23' title="bbox 330 1905 1534 1971; baseline -0.004 -14"><span class='ocrx_word' id='word_1_165' title='bbox 330 1909 435 1957; x_wconf 82' lang='lat' dir='ltr'>e&#39;us</span> <span class='ocrx_word' id='word_1_166' title='bbox 457 1909 614 1971; x_wconf 82' lang='lat' dir='ltr'>gentis</span> <span class='ocrx_word' id='word_1_167' title='bbox 639 1909 929 1955; x_wconf 78' lang='lat' dir='ltr'>felicitatem.</span> <span class='ocrx_word' id='word_1_168' title='bbox 999 1906 1102 1954; x_wconf 82' lang='lat' dir='ltr'>Uno</span> <span class='ocrx_word' id='word_1_169' title='bbox 1139 1908 1310 1967; x_wconf 88' lang='lat' dir='ltr'>inquit,</span> <span class='ocrx_word' id='word_1_170' title='bbox 1332 1905 1534 1969; x_wconf 71' lang='lat' dir='ltr'>seruilia</span> 
     </span>
    </p>

    <p class='ocr_par' dir='ltr' id='par_1_11' title="bbox 331 1966 1537 2340">
     <span class='ocr_line' id='line_1_24' title="bbox 380 1966 1536 2034; baseline -0.004 -15"><span class='ocrx_word' id='word_1_171' title='bbox 380 1974 620 2028; x_wconf 69' lang='lat' dir='ltr'>titionum,</span> <span class='ocrx_word' id='word_1_172' title='bbox 641 1970 694 2017; x_wconf 80' lang='lat' dir='ltr'>in</span> <span class='ocrx_word' id='word_1_173' title='bbox 711 1984 804 2034; x_wconf 78' lang='lat' dir='ltr'>qua</span> <span class='ocrx_word' id='word_1_174' title='bbox 825 1976 915 2017; x_wconf 74' lang='lat' dir='ltr'>tres</span> <span class='ocrx_word' id='word_1_175' title='bbox 940 1970 1153 2018; x_wconf 73' lang='lat' dir='ltr'>Oratores</span> <span class='ocrx_word' id='word_1_176' title='bbox 1176 1966 1400 2016; x_wconf 70' lang='lat' dir='ltr'>coritiana</span> <span class='ocrx_word' id='word_1_177' title='bbox 1422 1967 1536 2015; x_wconf 73' lang='lat' dir='ltr'>serie</span> 
     </span>
     <span class='ocr_line' id='line_1_25' title="bbox 331 2030 1535 2093; baseline -0.004 -12"><span class='ocrx_word' id='word_1_178' title='bbox 331 2035 600 2082; x_wconf 73' lang='lat' dir='ltr'>extiterunt.</span> <span class='ocrx_word' id='word_1_179' title='bbox 663 2033 784 2093; x_wconf 83' lang='lat' dir='ltr'>Ejus</span> <span class='ocrx_word' id='word_1_180' title='bbox 806 2039 918 2078; x_wconf 84' lang='lat' dir='ltr'>sunt</span> <span class='ocrx_word' id='word_1_181' title='bbox 950 2032 1121 2081; x_wconf 68' lang='lat' dir='ltr'>littere</span> <span class='ocrx_word' id='word_1_182' title='bbox 1153 2033 1215 2077; x_wconf 86' lang='lat' dir='ltr'>ad</span> <span class='ocrx_word' id='word_1_183' title='bbox 1239 2030 1307 2077; x_wconf 88' lang='grc' dir='ltr'>Μ.</span> <span class='ocrx_word' id='word_1_184' title='bbox 1329 2030 1535 2079; x_wconf 82' lang='lat' dir='ltr'>&#39;Tullium</span> 
     </span>
     <span class='ocr_line' id='line_1_26' title="bbox 335 2091 1536 2152; baseline -0.003 -9"><span class='ocrx_word' id='word_1_185' title='bbox 335 2096 643 2152; x_wconf 76' lang='lat' dir='ltr'>Ciceronem,</span> <span class='ocrx_word' id='word_1_186' title='bbox 665 2105 712 2140; x_wconf 92' lang='lat' dir='ltr'>et</span> <span class='ocrx_word' id='word_1_187' title='bbox 735 2094 981 2141; x_wconf 74' lang='lat' dir='ltr'>Ciceronis</span> <span class='ocrx_word' id='word_1_188' title='bbox 1004 2096 1066 2140; x_wconf 84' lang='lat' dir='ltr'>ad</span> <span class='ocrx_word' id='word_1_189' title='bbox 1089 2094 1235 2139; x_wconf 87' lang='lat' dir='ltr'>illum.</span> <span class='ocrx_word' id='word_1_190' title='bbox 1289 2091 1425 2139; x_wconf 72' lang='lat' dir='ltr'>Prius</span> <span class='ocrx_word' id='word_1_191' title='bbox 1450 2092 1536 2139; x_wconf 85' lang='lat' dir='ltr'>ini·</span> 
     </span>
     <span class='ocr_line' id='line_1_27' title="bbox 335 2154 1537 2212; baseline -0.002 -8"><span class='ocrx_word' id='word_1_192' title='bbox 335 2158 618 2204; x_wconf 82' lang='lat' dir='ltr'>micissimus</span> <span class='ocrx_word' id='word_1_193' title='bbox 654 2157 742 2202; x_wconf 80' lang='lat' dir='ltr'>fuit</span> <span class='ocrx_word' id='word_1_194' title='bbox 785 2156 1006 2212; x_wconf 66' lang='lat' dir='ltr'>Caesaris,</span> <span class='ocrx_word' id='word_1_195' title='bbox 1043 2158 1127 2201; x_wconf 81' lang='lat' dir='ltr'>sod</span> <span class='ocrx_word' id='word_1_196' title='bbox 1177 2154 1390 2201; x_wconf 74' lang='lat' dir='ltr'>delinivit</span> <span class='ocrx_word' id='word_1_197' title='bbox 1427 2168 1537 2201; x_wconf 83' lang='lat' dir='ltr'>cum</span> 
     </span>
     <span class='ocr_line' id='line_1_28' title="bbox 336 2216 1537 2275; baseline -0.003 -8"><span class='ocrx_word' id='word_1_198' title='bbox 336 2220 407 2267; x_wconf 81' lang='lat' dir='ltr'>M.</span> <span class='ocrx_word' id='word_1_199' title='bbox 431 2219 664 2266; x_wconf 81' lang='lat' dir='ltr'>Antonius</span> <span class='ocrx_word' id='word_1_200' title='bbox 689 2218 785 2263; x_wconf 84' lang='lat' dir='ltr'>suis</span> <span class='ocrx_word' id='word_1_201' title='bbox 808 2217 1007 2273; x_wconf 83' lang='lat' dir='ltr'>deliciis,</span> <span class='ocrx_word' id='word_1_202' title='bbox 1029 2226 1076 2263; x_wconf 90' lang='lat' dir='ltr'>et</span> <span class='ocrx_word' id='word_1_203' title='bbox 1094 2216 1258 2263; x_wconf 70' lang='lat' dir='ltr'>Caesar</span> <span class='ocrx_word' id='word_1_204' title='bbox 1278 2216 1419 2262; x_wconf 87' lang='lat' dir='ltr'>solvit</span> <span class='ocrx_word' id='word_1_205' title='bbox 1447 2231 1537 2275; x_wconf 84' lang='lat' dir='ltr'>pro</span> 
     </span>
     <span class='ocr_line' id='line_1_29' title="bbox 335 2278 1534 2340; baseline -0.002 -13"><span class='ocrx_word' id='word_1_206' title='bbox 335 2281 354 2327; x_wconf 91' lang='lat' dir='ltr'>i</span> <span class='ocrx_word' id='word_1_207' title='bbox 389 2296 443 2327; x_wconf 80' lang='lat' dir='ltr'>so</span> <span class='ocrx_word' id='word_1_208' title='bbox 477 2281 644 2340; x_wconf 80' lang='lat' dir='ltr'>ingens</span> <span class='ocrx_word' id='word_1_209' title='bbox 665 2293 729 2325; x_wconf 60' lang='lat' dir='ltr'>ais</span> <span class='ocrx_word' id='word_1_210' title='bbox 753 2279 960 2325; x_wconf 86' lang='lat' dir='ltr'>alienum</span> <span class='ocrx_word' id='word_1_211' title='bbox 980 2296 990 2322; x_wconf 71' lang='grc' dir='ltr'><strong><em>ε</em></strong></span> <span class='ocrx_word' id='word_1_212' title='bbox 1025 2279 1065 2324; x_wconf 89' lang='lat' dir='ltr'>is</span> <span class='ocrx_word' id='word_1_213' title='bbox 1087 2287 1231 2336; x_wconf 85' lang='lat' dir='ltr'>capto</span> <span class='ocrx_word' id='word_1_214' title='bbox 1249 2278 1461 2324; x_wconf 83' lang='lat' dir='ltr'>Corfinio</span> <span class='ocrx_word' id='word_1_215' title='bbox 1485 2278 1534 2325; x_wconf 87' lang='lat' dir='ltr'>in</span> 
     </span>
    </p>

    <p class='ocr_par' dir='ltr' id='par_1_12' title="bbox 339 2339 1541 2524">
     <span class='ocr_line' id='line_1_30' title="bbox 379 2339 1537 2400; baseline -0.003 -11"><span class='ocrx_word' id='word_1_216' title='bbox 379 2341 553 2389; x_wconf 81' lang='lat' dir='ltr'>iciliam</span> <span class='ocrx_word' id='word_1_217' title='bbox 575 2340 796 2400; x_wconf 67' lang='lat' dir='ltr'>primum,</span> <span class='ocrx_word' id='word_1_218' title='bbox 834 2340 1009 2387; x_wconf 86' lang='lat' dir='ltr'>deinde</span> <span class='ocrx_word' id='word_1_219' title='bbox 1031 2341 1078 2385; x_wconf 88' lang='lat' dir='ltr'>in</span> <span class='ocrx_word' id='word_1_220' title='bbox 1110 2340 1322 2387; x_wconf 73' lang='lat' dir='ltr'>Africam</span> <span class='ocrx_word' id='word_1_221' title='bbox 1347 2339 1537 2387; x_wconf 86' lang='lat' dir='ltr'>transiit</span> 
     </span>
     <span class='ocr_line' id='line_1_31' title="bbox 339 2404 1537 2461; baseline -0.001 -11"><span class='ocrx_word' id='word_1_222' title='bbox 339 2411 509 2451; x_wconf 73' lang='lat' dir='ltr'>contra</span> <span class='ocrx_word' id='word_1_223' title='bbox 536 2404 712 2450; x_wconf 69' lang='lat' dir='ltr'>Varum</span> <span class='ocrx_word' id='word_1_224' title='bbox 743 2412 792 2449; x_wconf 92' lang='lat' dir='ltr'>et</span> <span class='ocrx_word' id='word_1_225' title='bbox 810 2404 1005 2458; x_wconf 72' lang='lat' dir='ltr'>Iubam,</span> <span class='ocrx_word' id='word_1_226' title='bbox 1038 2404 1195 2461; x_wconf 84' lang='lat' dir='ltr'>ibique</span> <span class='ocrx_word' id='word_1_227' title='bbox 1216 2418 1325 2449; x_wconf 84' lang='lat' dir='ltr'>cum</span> <span class='ocrx_word' id='word_1_228' title='bbox 1347 2418 1433 2449; x_wconf 76' lang='lat' dir='ltr'>suo</span> <span class='ocrx_word' id='word_1_229' title='bbox 1455 2418 1537 2449; x_wconf 87' lang='lat' dir='ltr'>ex·</span> 
     </span>
     <span class='ocr_line' id='line_1_32' title="bbox 339 2464 1541 2524; baseline -0.001 -11"><span class='ocrx_word' id='word_1_230' title='bbox 339 2467 490 2513; x_wconf 83' lang='lat' dir='ltr'>ercitu</span> <span class='ocrx_word' id='word_1_231' title='bbox 519 2468 579 2511; x_wconf 87' lang='lat' dir='ltr'>ab</span> <span class='ocrx_word' id='word_1_232' title='bbox 601 2481 661 2512; x_wconf 90' lang='lat' dir='ltr'>eo</span> <span class='ocrx_word' id='word_1_233' title='bbox 682 2481 831 2512; x_wconf 68' lang='lat' dir='ltr'>caesus</span> <span class='ocrx_word' id='word_1_234' title='bbox 862 2474 953 2524; x_wconf 86' lang='lat' dir='ltr'>est,</span> <span class='ocrx_word' id='word_1_235' title='bbox 989 2466 1212 2513; x_wconf 81' lang='lat' dir='ltr'>Lucanus</span> <span class='ocrx_word' id='word_1_236' title='bbox 1234 2465 1316 2512; x_wconf 88' lang='lat' dir='ltr'>lib.</span> <span class='ocrx_word' id='word_1_237' title='bbox 1341 2478 1370 2512; x_wconf 85' lang='grc' dir='ltr'>ι.</span> <span class='ocrx_word' id='word_1_238' title='bbox 1441 2464 1541 2513; x_wconf 78' lang='lat' dir='ltr'>Hos</span> 
     </span>
    </p>
   </div>
   <div class='ocr_carea' id='block_1_11' title="bbox 343 2527 1539 2653">
    <p class='ocr_par' dir='ltr' id='par_1_13' title="bbox 343 2527 1539 2653">
     <span class='ocr_line' id='line_1_33' title="bbox 343 2527 1539 2653; baseline 0.001 -78"><span class='ocrx_word' id='word_1_239' title='bbox 343 2530 604 2653; x_wconf 49' lang='lat' dir='ltr'>[imos]</span> <span class='ocrx_word' id='word_1_240' title='bbox 629 2530 715 2586; x_wconf 86' lang='lat' dir='ltr'>ait,</span> <span class='ocrx_word' id='word_1_241' title='bbox 735 2528 896 2576; x_wconf 74' lang='lat' dir='ltr'>audax</span> <span class='ocrx_word' id='word_1_242' title='bbox 926 2528 1084 2576; x_wconf 76' lang='lat' dir='ltr'>venali</span> <span class='ocrx_word' id='word_1_243' title='bbox 1113 2527 1361 2577; x_wconf 62' lang='lat' dir='ltr'>comitatu·</span> <span class='ocrx_word' id='word_1_244' title='bbox 1395 2528 1539 2576; x_wconf 70' lang='lat' dir='ltr'>Curio</span> 
     </span>
    </p>
   </div>
   <div class='ocr_carea' id='block_1_12' title="bbox 405 2714 1460 2841">
    <p class='ocr_par' dir='ltr' id='par_1_14' title="bbox 405 2714 1460 2841">
     <span class='ocr_line' id='line_1_34' title="bbox 412 2714 1460 2779; baseline -0.001 -14"><span class='ocrx_word' id='word_1_245' title='bbox 412 2716 512 2765; x_wconf 75' lang='lat' dir='ltr'>Vox</span> <span class='ocrx_word' id='word_1_246' title='bbox 533 2714 770 2777; x_wconf 65' lang='lat' dir='ltr'>quondan</span> <span class='ocrx_word' id='word_1_247' title='bbox 783 2715 953 2778; x_wconf 72' lang='lat' dir='ltr'>populi</span> <span class='ocrx_word' id='word_1_248' title='bbox 974 2715 1316 2779; x_wconf 74' lang='lat' dir='ltr'>libertatemque</span> <span class='ocrx_word' id='word_1_249' title='bbox 1337 2715 1460 2764; x_wconf 78' lang='lat' dir='ltr'>tueri</span> 
     </span>
     <span class='ocr_line' id='line_1_35' title="bbox 405 2777 1429 2841; baseline -0.002 -15"><span class='ocrx_word' id='word_1_250' title='bbox 405 2779 573 2835; x_wconf 67' lang='lat' dir='ltr'>Ausus,</span> <span class='ocrx_word' id='word_1_251' title='bbox 588 2782 630 2826; x_wconf 74' lang='lat' dir='ltr'>et</span> <span class='ocrx_word' id='word_1_252' title='bbox 648 2782 848 2826; x_wconf 67' lang='lat' dir='ltr'>motos</span> <span class='ocrx_word' id='word_1_253' title='bbox 859 2777 994 2840; x_wconf 72' lang='lat' dir='ltr'>plebi</span> <span class='ocrx_word' id='word_1_254' title='bbox 1010 2778 1193 2826; x_wconf 67' lang='lat' dir='ltr'>miscere</span> <span class='ocrx_word' id='word_1_255' title='bbox 1208 2783 1429 2841; x_wconf 72' lang='lat' dir='ltr'>potentes.</span> 
     </span>
    </p>
   </div>
   <div class='ocr_carea' id='block_1_13' title="bbox 345 2901 1550 3846">
    <p class='ocr_par' dir='ltr' id='par_1_15' title="bbox 345 2901 1545 3337">
     <span class='ocr_line' id='line_1_36' title="bbox 412 2901 1541 2968; baseline -0.001 -19"><span class='ocrx_word' id='word_1_256' title='bbox 412 2904 452 2949; x_wconf 89' lang='lat' dir='ltr'>l.</span> <span class='ocrx_word' id='word_1_257' title='bbox 488 2902 682 2951; x_wconf 65' lang='lat' dir='ltr'>Summa</span> <span class='ocrx_word' id='word_1_258' title='bbox 711 2901 1007 2952; x_wconf 61' lang='lat' dir='ltr'>tribunorum</span> <span class='ocrx_word' id='word_1_259' title='bbox 1029 2901 1541 2968; x_wconf 73' lang='lat' dir='ltr'>pl.eontent·ione‚&amp;c.]</span> 
     </span>
     <span class='ocr_line' id='line_1_37' title="bbox 345 2961 1542 3025; baseline -0.001 -11"><span class='ocrx_word' id='word_1_260' title='bbox 345 2961 630 3014; x_wconf 76' lang='lat' dir='ltr'>Plutarchus</span> <span class='ocrx_word' id='word_1_261' title='bbox 645 2966 692 3011; x_wconf 89' lang='lat' dir='ltr'>in</span> <span class='ocrx_word' id='word_1_262' title='bbox 717 2965 963 3025; x_wconf 84' lang='lat' dir='ltr'>Pompeio,</span> <span class='ocrx_word' id='word_1_263' title='bbox 978 2967 1155 3014; x_wconf 87' lang='lat' dir='ltr'>itemin</span> <span class='ocrx_word' id='word_1_264' title='bbox 1179 2966 1372 3013; x_wconf 67' lang='lat' dir='ltr'>Caesare</span> <span class='ocrx_word' id='word_1_265' title='bbox 1394 2965 1542 3025; x_wconf 82' lang='lat' dir='ltr'>scrip-</span> 
     </span>
     <span class='ocr_line' id='line_1_38' title="bbox 346 3028 1543 3089; baseline 0 -14"><span class='ocrx_word' id='word_1_266' title='bbox 346 3028 409 3076; x_wconf 81' lang='lat' dir='ltr'>sit</span> <span class='ocrx_word' id='word_1_267' title='bbox 430 3029 499 3076; x_wconf 87' lang='lat' dir='ltr'>M.</span> <span class='ocrx_word' id='word_1_268' title='bbox 537 3028 797 3074; x_wconf 82' lang='lat' dir='ltr'>Antonium</span> <span class='ocrx_word' id='word_1_269' title='bbox 835 3028 1080 3076; x_wconf 67' lang='lat' dir='ltr'>tribunitii</span> <span class='ocrx_word' id='word_1_270' title='bbox 1116 3037 1354 3089; x_wconf 78' lang='lat' dir='ltr'>potestate</span> <span class='ocrx_word' id='word_1_271' title='bbox 1387 3044 1543 3086; x_wconf 87' lang='lat' dir='ltr'>usum,</span> 
     </span>
     <span class='ocr_line' id='line_1_39' title="bbox 348 3091 1544 3151; baseline -0.003 -12"><span class='ocrx_word' id='word_1_272' title='bbox 348 3091 498 3139; x_wconf 79' lang='lat' dir='ltr'>invito</span> <span class='ocrx_word' id='word_1_273' title='bbox 535 3100 722 3146; x_wconf 80' lang='lat' dir='ltr'>senatu,</span> <span class='ocrx_word' id='word_1_274' title='bbox 756 3091 962 3139; x_wconf 63' lang='lat' dir='ltr'>cesaris</span> <span class='ocrx_word' id='word_1_275' title='bbox 1000 3095 1184 3139; x_wconf 83' lang='lat' dir='ltr'>litteras</span> <span class='ocrx_word' id='word_1_276' title='bbox 1214 3093 1279 3139; x_wconf 83' lang='lat' dir='ltr'>ad</span> <span class='ocrx_word' id='word_1_277' title='bbox 1314 3092 1544 3151; x_wconf 85' lang='lat' dir='ltr'>populum</span> 
     </span>
     <span class='ocr_line' id='line_1_40' title="bbox 347 3154 1545 3215; baseline 0 -14"><span class='ocrx_word' id='word_1_278' title='bbox 347 3154 587 3201; x_wconf 83' lang='lat' dir='ltr'>recitasse.</span> <span class='ocrx_word' id='word_1_279' title='bbox 654 3155 771 3202; x_wconf 66' lang='lat' dir='ltr'>Hoc</span> <span class='ocrx_word' id='word_1_280' title='bbox 794 3164 952 3201; x_wconf 78' lang='lat' dir='ltr'>autem</span> <span class='ocrx_word' id='word_1_281' title='bbox 982 3156 1280 3202; x_wconf 85' lang='lat' dir='ltr'>tribunorum</span> <span class='ocrx_word' id='word_1_282' title='bbox 1317 3162 1423 3201; x_wconf 83' lang='lat' dir='ltr'>erat</span> <span class='ocrx_word' id='word_1_283' title='bbox 1459 3167 1545 3215; x_wconf 87' lang='lat' dir='ltr'>po-</span> 
     </span>
     <span class='ocr_line' id='line_1_41' title="bbox 347 3215 1545 3276; baseline -0.002 -12"><span class='ocrx_word' id='word_1_284' title='bbox 347 3223 515 3274; x_wconf 76' lang='lat' dir='ltr'>testas,</span> <span class='ocrx_word' id='word_1_285' title='bbox 551 3225 605 3262; x_wconf 85' lang='lat' dir='ltr'>ut</span> <span class='ocrx_word' id='word_1_286' title='bbox 633 3218 1055 3265; x_wconf 79' lang='lat' dir='ltr'>senatusconsultis</span> <span class='ocrx_word' id='word_1_287' title='bbox 1098 3217 1466 3276; x_wconf 76' lang='lat' dir='ltr'>plebiscitisque,</span> <span class='ocrx_word' id='word_1_288' title='bbox 1503 3215 1545 3262; x_wconf 90' lang='lat' dir='ltr'>si</span> 
     </span>
     <span class='ocr_line' id='line_1_42' title="bbox 347 3277 1377 3337; baseline -0.001 -12"><span class='ocrx_word' id='word_1_289' title='bbox 347 3277 505 3325; x_wconf 82' lang='lat' dir='ltr'>minus</span> <span class='ocrx_word' id='word_1_290' title='bbox 686 3279 798 3337; x_wconf 85' lang='lat' dir='ltr'>ipsis</span> <span class='ocrx_word' id='word_1_291' title='bbox 815 3289 990 3336; x_wconf 78' lang='lat' dir='ltr'>essent,</span> <span class='ocrx_word' id='word_1_292' title='bbox 1013 3280 1377 3326; x_wconf 78' lang='lat' dir='ltr'>intercederent.</span> 
     </span>
    </p>

    <p class='ocr_par' dir='ltr' id='par_1_16' title="bbox 349 3338 1550 3846">
     <span class='ocr_line' id='line_1_43' title="bbox 411 3338 1546 3402; baseline 0 -16"><span class='ocrx_word' id='word_1_293' title='bbox 411 3342 457 3386; x_wconf 82' lang='lat'><strong>2.</strong></span> <span class='ocrx_word' id='word_1_294' title='bbox 535 3343 554 3385; x_wconf 78' lang='lat' dir='ltr'>t</span> <span class='ocrx_word' id='word_1_295' title='bbox 576 3338 682 3387; x_wconf 72' lang='lat' dir='ltr'>vert)</span> <span class='ocrx_word' id='word_1_296' title='bbox 702 3354 760 3386; x_wconf 72' lang='lat' dir='ltr'>ex</span> <span class='ocrx_word' id='word_1_297' title='bbox 792 3340 973 3396; x_wconf 64' lang='lat' dir='ltr'>titteris,</span> <span class='ocrx_word' id='word_1_298' title='bbox 1001 3341 1109 3402; x_wconf 57' lang='lat' dir='ltr'>Rau]</span> <span class='ocrx_word' id='word_1_299' title='bbox 1149 3343 1255 3387; x_wconf 80' lang='lat' dir='ltr'>Non</span> <span class='ocrx_word' id='word_1_300' title='bbox 1273 3341 1425 3399; x_wconf 86' lang='lat' dir='ltr'>potuit</span> <span class='ocrx_word' id='word_1_301' title='bbox 1443 3339 1546 3399; x_wconf 87' lang='lat' dir='ltr'>qui-</span> 
     </span>
     <span class='ocr_line' id='line_1_44' title="bbox 350 3401 1548 3461; baseline 0 -13"><span class='ocrx_word' id='word_1_302' title='bbox 350 3402 461 3448; x_wconf 84' lang='lat' dir='ltr'>dem</span> <span class='ocrx_word' id='word_1_303' title='bbox 485 3401 741 3458; x_wconf 82' lang='lat' dir='ltr'>impetrare</span> <span class='ocrx_word' id='word_1_304' title='bbox 777 3411 828 3448; x_wconf 91' lang='lat' dir='ltr'>ut</span> <span class='ocrx_word' id='word_1_305' title='bbox 865 3418 940 3449; x_wconf 87' lang='lat' dir='ltr'>res</span> <span class='ocrx_word' id='word_1_306' title='bbox 976 3403 1159 3449; x_wconf 83' lang='lat' dir='ltr'>senatui</span> <span class='ocrx_word' id='word_1_307' title='bbox 1200 3413 1548 3461; x_wconf 78' lang='lat' dir='ltr'>proponeretur</span> 
     </span>
     <span class='ocr_line' id='line_1_45' title="bbox 349 3463 1546 3523; baseline 0.001 -13"><span class='ocrx_word' id='word_1_308' title='bbox 349 3463 662 3510; x_wconf 84' lang='lat' dir='ltr'>deliberanda</span> <span class='ocrx_word' id='word_1_309' title='bbox 683 3473 879 3521; x_wconf 82' lang='lat' dir='ltr'>propter</span> <span class='ocrx_word' id='word_1_310' title='bbox 900 3466 1122 3523; x_wconf 79' lang='lat' dir='ltr'>pertinax</span> <span class='ocrx_word' id='word_1_311' title='bbox 1144 3464 1322 3511; x_wconf 84' lang='lat' dir='ltr'>scilicet</span> <span class='ocrx_word' id='word_1_312' title='bbox 1341 3464 1546 3512; x_wconf 70' lang='lat' dir='ltr'>Caesaris</span> 
     </span>
     <span class='ocr_line' id='line_1_46' title="bbox 350 3523 1547 3584; baseline 0.002 -12"><span class='ocrx_word' id='word_1_313' title='bbox 350 3525 527 3572; x_wconf 82' lang='lat' dir='ltr'>odium.</span> <span class='ocrx_word' id='word_1_314' title='bbox 585 3523 701 3572; x_wconf 78' lang='lat' dir='ltr'>Haec</span> <span class='ocrx_word' id='word_1_315' title='bbox 718 3536 877 3572; x_wconf 87' lang='lat' dir='ltr'>tamen</span> <span class='ocrx_word' id='word_1_316' title='bbox 903 3527 1168 3574; x_wconf 86' lang='lat' dir='ltr'>litterarum</span> <span class='ocrx_word' id='word_1_317' title='bbox 1181 3527 1399 3574; x_wconf 71' lang='lat' dir='ltr'>recitatio</span> <span class='ocrx_word' id='word_1_318' title='bbox 1417 3528 1547 3584; x_wconf 78' lang='lat' dir='ltr'>fecit,</span> 
     </span>
     <span class='ocr_line' id='line_1_47' title="bbox 350 3585 1546 3647; baseline 0.003 -14"><span class='ocrx_word' id='word_1_319' title='bbox 350 3595 404 3633; x_wconf 83' lang='lat' dir='ltr'>nt</span> <span class='ocrx_word' id='word_1_320' title='bbox 426 3585 700 3633; x_wconf 72' lang='lat' dir='ltr'>instituente</span> <span class='ocrx_word' id='word_1_321' title='bbox 724 3587 953 3646; x_wconf 85' lang='lat' dir='ltr'>Pompeio</span> <span class='ocrx_word' id='word_1_322' title='bbox 983 3590 1235 3647; x_wconf 84' lang='lat' dir='ltr'>delectum,</span> <span class='ocrx_word' id='word_1_323' title='bbox 1257 3589 1335 3635; x_wconf 85' lang='lat' dir='ltr'>alii</span> <span class='ocrx_word' id='word_1_324' title='bbox 1355 3605 1451 3636; x_wconf 89' lang='lat' dir='ltr'>non</span> <span class='ocrx_word' id='word_1_325' title='bbox 1473 3604 1546 3636; x_wconf 85' lang='lat' dir='ltr'>re-</span> 
     </span>
     <span class='ocr_line' id='line_1_48' title="bbox 352 3650 1550 3713; baseline 0.003 -17"><span class='ocrx_word' id='word_1_326' title='bbox 352 3651 643 3709; x_wconf 76' lang='lat' dir='ltr'>sponderent</span> <span class='ocrx_word' id='word_1_327' title='bbox 673 3651 736 3697; x_wconf 87' lang='lat' dir='ltr'>ad</span> <span class='ocrx_word' id='word_1_328' title='bbox 774 3651 987 3709; x_wconf 87' lang='lat' dir='ltr'>nomina,</span> <span class='ocrx_word' id='word_1_329' title='bbox 1011 3652 1091 3699; x_wconf 82' lang='lat' dir='ltr'>alii</span> <span class='ocrx_word' id='word_1_330' title='bbox 1115 3653 1328 3713; x_wconf 77' lang='lat' dir='ltr'>seg-niter</span> <span class='ocrx_word' id='word_1_331' title='bbox 1347 3661 1398 3698; x_wconf 85' lang='lat' dir='ltr'>et</span> <span class='ocrx_word' id='word_1_332' title='bbox 1422 3650 1550 3699; x_wconf 68' lang='lat' dir='ltr'>male</span> 
     </span>
     <span class='ocr_line' id='line_1_49' title="bbox 353 3712 1548 3773; baseline 0 -13"><span class='ocrx_word' id='word_1_333' title='bbox 353 3712 550 3760; x_wconf 77' lang='lat' dir='ltr'>aniinati</span> <span class='ocrx_word' id='word_1_334' title='bbox 573 3712 901 3770; x_wconf 83' lang='lat' dir='ltr'>convenirent,</span> <span class='ocrx_word' id='word_1_335' title='bbox 923 3714 1004 3760; x_wconf 89' lang='lat' dir='ltr'>alii</span> <span class='ocrx_word' id='word_1_336' title='bbox 1027 3729 1197 3773; x_wconf 86' lang='lat' dir='ltr'>pacem</span> <span class='ocrx_word' id='word_1_337' title='bbox 1231 3715 1548 3762; x_wconf 77' lang='lat' dir='ltr'>clamitarent.</span> 
     </span>
     <span class='ocr_line' id='line_1_50' title="bbox 352 3775 1548 3846; baseline 0.002 -24"><span class='ocrx_word' id='word_1_338' title='bbox 352 3775 522 3835; x_wconf 77' lang='lat' dir='ltr'>Itaque</span> <span class='ocrx_word' id='word_1_339' title='bbox 544 3775 717 3846; x_wconf 64' lang='lat' dir='ltr'>Cicero</span> <span class='ocrx_word' id='word_1_340' title='bbox 739 3775 815 3821; x_wconf 85' lang='lat' dir='ltr'>lib.</span> <span class='ocrx_word' id='word_1_341' title='bbox 840 3790 875 3822; x_wconf 83' lang='lat'>1.</span> <span class='ocrx_word' id='word_1_342' title='bbox 897 3790 972 3835; x_wconf 89' lang='lat' dir='ltr'>ep.</span> <span class='ocrx_word' id='word_1_343' title='bbox 999 3778 1070 3824; x_wconf 89' lang='grc'>13.</span> <span class='ocrx_word' id='word_1_344' title='bbox 1093 3779 1156 3824; x_wconf 86' lang='lat' dir='ltr'>ad</span> <span class='ocrx_word' id='word_1_345' title='bbox 1180 3778 1321 3823; x_wconf 80' lang='lat' dir='ltr'>Attio.</span> <span class='ocrx_word' id='word_1_346' title='bbox 1386 3777 1548 3824; x_wconf 80' lang='lat' dir='ltr'>Delec-</span> 
     </span>
    </p>
   </div>
   <div class='ocr_carea' id='block_1_14' title="bbox 352 3837 1547 3948">
    <p class='ocr_par' dir='ltr' id='par_1_17' title="bbox 352 3837 1547 3948">
     <span class='ocr_line' id='line_1_51' title="bbox 352 3837 1547 3910; baseline 0.003 -25"><span class='ocrx_word' id='word_1_347' title='bbox 352 3842 425 3885; x_wconf 68' lang='grc' dir='ltr'>ιω</span> <span class='ocrx_word' id='word_1_348' title='bbox 437 3837 587 3885; x_wconf 71' lang='lat' dir='ltr'>adhuc</span> <span class='ocrx_word' id='word_1_349' title='bbox 608 3840 791 3910; x_wconf 68' lang='lat' dir='ltr'>quadem</span> <span class='ocrx_word' id='word_1_350' title='bbox 811 3837 1060 3886; x_wconf 63' lang='lat' dir='ltr'>ntvitormn</span> <span class='ocrx_word' id='word_1_351' title='bbox 1086 3845 1146 3887; x_wconf 73' lang='lat' dir='ltr'>est</span> <span class='ocrx_word' id='word_1_352' title='bbox 1164 3845 1207 3887; x_wconf 81' lang='lat' dir='ltr'>et</span> <span class='ocrx_word' id='word_1_353' title='bbox 1226 3838 1259 3887; x_wconf 81' lang='grc' dir='ltr'><em>ὰ</em></span> <span class='ocrx_word' id='word_1_354' title='bbox 1283 3840 1547 3903; x_wconf 75' lang='lat' dir='ltr'>pugnando</span> 
     </span>
     <span class='ocr_line' id='line_1_52' title="bbox 355 3900 716 3948; baseline 0 -1"><span class='ocrx_word' id='word_1_355' title='bbox 355 3900 716 3948; x_wconf 65' lang='lat' dir='ltr'>abhonenaam.</span> 
     </span>
    </p>
   </div>
   <div class='ocr_carea' id='block_1_15' title="bbox 1590 1839 2879 3967">
    <p class='ocr_par' dir='ltr' id='par_1_18' title="bbox 1593 1839 2794 2200">
     <span class='ocr_line' id='line_1_53' title="bbox 1593 1839 2789 1904; baseline -0.003 -14"><span class='ocrx_word' id='word_1_356' title='bbox 1593 1858 1690 1904; x_wconf 87' lang='lat' dir='ltr'>quo</span> <span class='ocrx_word' id='word_1_357' title='bbox 1711 1842 1761 1889; x_wconf 86' lang='lat' dir='ltr'>in</span> <span class='ocrx_word' id='word_1_358' title='bbox 1782 1842 2027 1900; x_wconf 81' lang='lat' dir='ltr'>superiore</span> <span class='ocrx_word' id='word_1_359' title='bbox 2056 1841 2179 1887; x_wconf 88' lang='lat' dir='ltr'>libro</span> <span class='ocrx_word' id='word_1_360' title='bbox 2216 1839 2445 1899; x_wconf 75' lang='lat' dir='ltr'>scriptum</span> <span class='ocrx_word' id='word_1_361' title='bbox 2476 1848 2565 1897; x_wconf 89' lang='lat' dir='ltr'>est,</span> <span class='ocrx_word' id='word_1_362' title='bbox 2588 1840 2641 1887; x_wconf 88' lang='lat' dir='ltr'>L.</span> <span class='ocrx_word' id='word_1_363' title='bbox 2664 1840 2789 1888; x_wconf 85' lang='lat' dir='ltr'>Len·</span> 
     </span>
     <span class='ocr_line' id='line_1_54' title="bbox 1595 1903 2792 1963; baseline -0.001 -12"><span class='ocrx_word' id='word_1_364' title='bbox 1595 1907 1748 1951; x_wconf 84' lang='lat' dir='ltr'>tulum</span> <span class='ocrx_word' id='word_1_365' title='bbox 1771 1915 1821 1960; x_wconf 72' lang='lat' dir='ltr'>at</span> <span class='ocrx_word' id='word_1_366' title='bbox 1843 1905 1899 1951; x_wconf 93' lang='lat' dir='ltr'>C.</span> <span class='ocrx_word' id='word_1_367' title='bbox 1924 1904 2209 1952; x_wconf 82' lang='lat' dir='ltr'>Marcellum</span> <span class='ocrx_word' id='word_1_368' title='bbox 2230 1903 2449 1950; x_wconf 82' lang='lat' dir='ltr'>consules</span> <span class='ocrx_word' id='word_1_369' title='bbox 2484 1912 2689 1960; x_wconf 77' lang='lat' dir='ltr'>creatos,</span> <span class='ocrx_word' id='word_1_370' title='bbox 2710 1905 2792 1963; x_wconf 84' lang='lat' dir='ltr'>qui</span> 
     </span>
     <span class='ocr_line' id='line_1_55' title="bbox 1599 1965 2790 2026; baseline -0.001 -13"><span class='ocrx_word' id='word_1_371' title='bbox 1599 1982 1791 2014; x_wconf 88' lang='lat' dir='ltr'>omnem</span> <span class='ocrx_word' id='word_1_372' title='bbox 1814 1968 2044 2013; x_wconf 86' lang='lat' dir='ltr'>honorem</span> <span class='ocrx_word' id='word_1_373' title='bbox 2079 1973 2127 2013; x_wconf 88' lang='lat' dir='ltr'>et</span> <span class='ocrx_word' id='word_1_374' title='bbox 2164 1966 2446 2026; x_wconf 79' lang='lat' dir='ltr'>dignitatem</span> <span class='ocrx_word' id='word_1_375' title='bbox 2469 1965 2670 2012; x_wconf 66' lang='lat' dir='ltr'>Cnemis</span> <span class='ocrx_word' id='word_1_376' title='bbox 2707 1982 2790 2012; x_wconf 81' lang='lat' dir='ltr'>ex·</span> 
     </span>
     <span class='ocr_line' id='line_1_56' title="bbox 1599 2026 2791 2091; baseline -0.002 -14"><span class='ocrx_word' id='word_1_377' title='bbox 1599 2030 1939 2091; x_wconf 84' lang='lat' dir='ltr'>spoliaverunt,</span> <span class='ocrx_word' id='word_1_378' title='bbox 1952 2029 2031 2089; x_wconf 87' lang='lat' dir='ltr'>qui</span> <span class='ocrx_word' id='word_1_379' title='bbox 2046 2029 2240 2074; x_wconf 83' lang='lat' dir='ltr'>tandem</span> <span class='ocrx_word' id='word_1_380' title='bbox 2254 2028 2302 2073; x_wconf 89' lang='lat' dir='ltr'>in</span> <span class='ocrx_word' id='word_1_381' title='bbox 2320 2026 2515 2088; x_wconf 75' lang='lat' dir='ltr'>Egypto</span> <span class='ocrx_word' id='word_1_382' title='bbox 2530 2036 2640 2086; x_wconf 87' lang='lat' dir='ltr'>post</span> <span class='ocrx_word' id='word_1_383' title='bbox 2652 2028 2791 2075; x_wconf 84' lang='lat' dir='ltr'>Pom-</span> 
     </span>
     <span class='ocr_line' id='line_1_57' title="bbox 1598 2089 2794 2151; baseline -0.001 -13"><span class='ocrx_word' id='word_1_384' title='bbox 1598 2092 1692 2151; x_wconf 85' lang='lat' dir='ltr'>peii</span> <span class='ocrx_word' id='word_1_385' title='bbox 1716 2102 1938 2146; x_wconf 82' lang='lat' dir='ltr'>mortem,</span> <span class='ocrx_word' id='word_1_386' title='bbox 1974 2089 2002 2138; x_wconf 68' lang='grc' dir='ltr'><strong>ὲ</strong></span> <span class='ocrx_word' id='word_1_387' title='bbox 2022 2090 2278 2138; x_wconf 70' lang='lat' dir='ltr'>Ptolemoo</span> <span class='ocrx_word' id='word_1_388' title='bbox 2313 2090 2700 2149; x_wconf 83' lang='lat' dir='ltr'>comprehensus,</span> <span class='ocrx_word' id='word_1_389' title='bbox 2742 2092 2794 2137; x_wconf 82' lang='lat' dir='ltr'>in</span> 
     </span>
     <span class='ocr_line' id='line_1_58' title="bbox 1598 2155 2145 2200; baseline -0.004 -1"><span class='ocrx_word' id='word_1_390' title='bbox 1598 2155 1816 2200; x_wconf 84' lang='lat' dir='ltr'>custodia</span> <span class='ocrx_word' id='word_1_391' title='bbox 1838 2163 2036 2199; x_wconf 79' lang='lat' dir='ltr'>necatus</span> <span class='ocrx_word' id='word_1_392' title='bbox 2058 2161 2145 2198; x_wconf 84' lang='lat' dir='ltr'>est.</span> 
     </span>
    </p>

    <p class='ocr_par' dir='ltr' id='par_1_19' title="bbox 1590 2214 2803 2962">
     <span class='ocr_line' id='line_1_59' title="bbox 1659 2214 2797 2277; baseline -0.001 -15"><span class='ocrx_word' id='word_1_393' title='bbox 1659 2219 1705 2262; x_wconf 85' lang='lat'><strong>9.</strong></span> <span class='ocrx_word' id='word_1_394' title='bbox 1742 2216 1933 2277; x_wconf 62' lang='lat' dir='ltr'>Scipio]</span> <span class='ocrx_word' id='word_1_395' title='bbox 1983 2215 2096 2262; x_wconf 85' lang='lat' dir='ltr'>Fuit</span> <span class='ocrx_word' id='word_1_396' title='bbox 2132 2215 2211 2261; x_wconf 83' lang='lat' dir='ltr'>ille</span> <span class='ocrx_word' id='word_1_397' title='bbox 2237 2214 2460 2261; x_wconf 84' lang='lat' dir='ltr'>Metellus</span> <span class='ocrx_word' id='word_1_398' title='bbox 2498 2214 2678 2275; x_wconf 86' lang='lat' dir='ltr'>Scipio,</span> <span class='ocrx_word' id='word_1_399' title='bbox 2713 2216 2797 2277; x_wconf 85' lang='lat' dir='ltr'>qui</span> 
     </span>
     <span class='ocr_line' id='line_1_60' title="bbox 1597 2276 2802 2336; baseline -0.002 -10"><span class='ocrx_word' id='word_1_400' title='bbox 1597 2278 1804 2326; x_wconf 84' lang='lat' dir='ltr'>triennio</span> <span class='ocrx_word' id='word_1_401' title='bbox 1821 2289 1932 2324; x_wconf 85' lang='lat' dir='ltr'>ante</span> <span class='ocrx_word' id='word_1_402' title='bbox 1952 2278 2117 2323; x_wconf 82' lang='lat' dir='ltr'>consul</span> <span class='ocrx_word' id='word_1_403' title='bbox 2140 2292 2250 2323; x_wconf 87' lang='lat' dir='ltr'>cum</span> <span class='ocrx_word' id='word_1_404' title='bbox 2272 2276 2500 2336; x_wconf 85' lang='lat' dir='ltr'>Pompeio</span> <span class='ocrx_word' id='word_1_405' title='bbox 2521 2279 2695 2335; x_wconf 79' lang='lat' dir='ltr'>fuerat,</span> <span class='ocrx_word' id='word_1_406' title='bbox 2717 2293 2802 2324; x_wconf 87' lang='lat' dir='ltr'>cn-</span> 
     </span>
     <span class='ocr_line' id='line_1_61' title="bbox 1590 2338 2798 2403; baseline 0 -16"><span class='ocrx_word' id='word_1_407' title='bbox 1590 2341 1674 2403; x_wconf 88' lang='lat' dir='ltr'>jus</span> <span class='ocrx_word' id='word_1_408' title='bbox 1712 2340 1859 2386; x_wconf 75' lang='lat' dir='ltr'>filiam</span> <span class='ocrx_word' id='word_1_409' title='bbox 1897 2340 2202 2386; x_wconf 80' lang='lat' dir='ltr'>lectissimam</span> <span class='ocrx_word' id='word_1_410' title='bbox 2238 2339 2479 2387; x_wconf 82' lang='lat' dir='ltr'>soeminam</span> <span class='ocrx_word' id='word_1_411' title='bbox 2518 2338 2798 2387; x_wconf 86' lang='lat' dir='ltr'>Corneliam</span> 
     </span>
     <span class='ocr_line' id='line_1_62' title="bbox 1599 2402 2801 2458; baseline 0.001 -9"><span class='ocrx_word' id='word_1_412' title='bbox 1599 2413 1752 2449; x_wconf 87' lang='lat' dir='ltr'>morte</span> <span class='ocrx_word' id='word_1_413' title='bbox 1796 2402 1850 2449; x_wconf 88' lang='lat' dir='ltr'>P.</span> <span class='ocrx_word' id='word_1_414' title='bbox 1894 2402 2057 2449; x_wconf 81' lang='lat' dir='ltr'>Crassi</span> <span class='ocrx_word' id='word_1_415' title='bbox 2101 2402 2311 2458; x_wconf 81' lang='lat' dir='ltr'>viduam,</span> <span class='ocrx_word' id='word_1_416' title='bbox 2354 2415 2546 2448; x_wconf 82' lang='lat' dir='ltr'>uxorem</span> <span class='ocrx_word' id='word_1_417' title='bbox 2591 2405 2801 2450; x_wconf 81' lang='lat' dir='ltr'>duxerat</span> 
     </span>
     <span class='ocr_line' id='line_1_63' title="bbox 1600 2460 2797 2526; baseline -0.001 -13"><span class='ocrx_word' id='word_1_418' title='bbox 1600 2460 1874 2526; x_wconf 82' lang='lat' dir='ltr'>Pompeius,</span> <span class='ocrx_word' id='word_1_419' title='bbox 1910 2465 1991 2526; x_wconf 90' lang='lat' dir='ltr'>qui</span> <span class='ocrx_word' id='word_1_420' title='bbox 2029 2464 2150 2511; x_wconf 78' lang='lat' dir='ltr'>adeo</span> <span class='ocrx_word' id='word_1_421' title='bbox 2184 2478 2332 2526; x_wconf 78' lang='lat' dir='ltr'>gener</span> <span class='ocrx_word' id='word_1_422' title='bbox 2368 2464 2472 2526; x_wconf 87' lang='lat' dir='ltr'>ejus</span> <span class='ocrx_word' id='word_1_423' title='bbox 2495 2465 2670 2512; x_wconf 82' lang='lat' dir='ltr'>deinde</span> <span class='ocrx_word' id='word_1_424' title='bbox 2693 2466 2797 2512; x_wconf 88' lang='lat' dir='ltr'>suit.</span> 
     </span>
     <span class='ocr_line' id='line_1_64' title="bbox 1601 2526 2798 2586; baseline 0 -10"><span class='ocrx_word' id='word_1_425' title='bbox 1601 2528 1718 2577; x_wconf 74' lang='lat' dir='ltr'>Ideo</span> <span class='ocrx_word' id='word_1_426' title='bbox 1741 2529 1963 2576; x_wconf 88' lang='lat' dir='ltr'>Metellus</span> <span class='ocrx_word' id='word_1_427' title='bbox 1985 2536 2058 2575; x_wconf 88' lang='lat' dir='ltr'>est</span> <span class='ocrx_word' id='word_1_428' title='bbox 2094 2528 2266 2582; x_wconf 74' lang='lat' dir='ltr'>dictus,</span> <span class='ocrx_word' id='word_1_429' title='bbox 2286 2527 2399 2586; x_wconf 86' lang='lat' dir='ltr'>quia</span> <span class='ocrx_word' id='word_1_430' title='bbox 2421 2526 2450 2575; x_wconf 70' lang='lat' dir='ltr'>a</span> <span class='ocrx_word' id='word_1_431' title='bbox 2470 2528 2669 2576; x_wconf 85' lang='lat' dir='ltr'>Metello</span> <span class='ocrx_word' id='word_1_432' title='bbox 2692 2528 2798 2586; x_wconf 84' lang='lat' dir='ltr'>Pio,</span> 
     </span>
     <span class='ocr_line' id='line_1_65' title="bbox 1603 2589 2799 2652; baseline 0 -14"><span class='ocrx_word' id='word_1_433' title='bbox 1603 2593 1684 2651; x_wconf 86' lang='lat' dir='ltr'>qui</span> <span class='ocrx_word' id='word_1_434' title='bbox 1699 2591 1961 2639; x_wconf 83' lang='lat' dir='ltr'>Sertorium</span> <span class='ocrx_word' id='word_1_435' title='bbox 1978 2591 2026 2637; x_wconf 87' lang='lat' dir='ltr'>in</span> <span class='ocrx_word' id='word_1_436' title='bbox 2046 2589 2280 2649; x_wconf 70' lang='lat' dir='ltr'>Hispania</span> <span class='ocrx_word' id='word_1_437' title='bbox 2295 2590 2635 2649; x_wconf 79' lang='lat' dir='ltr'>debellaverat,</span> <span class='ocrx_word' id='word_1_438' title='bbox 2649 2593 2799 2652; x_wconf 87' lang='lat' dir='ltr'>adop·</span> 
     </span>
     <span class='ocr_line' id='line_1_66' title="bbox 1604 2651 2801 2714; baseline -0.001 -13"><span class='ocrx_word' id='word_1_439' title='bbox 1604 2662 1730 2701; x_wconf 82' lang='lat' dir='ltr'>tatus</span> <span class='ocrx_word' id='word_1_440' title='bbox 1766 2656 1940 2709; x_wconf 85' lang='lat' dir='ltr'>fuerat,</span> <span class='ocrx_word' id='word_1_441' title='bbox 1977 2652 2084 2700; x_wconf 69' lang='lat' dir='ltr'>cum</span> <span class='ocrx_word' id='word_1_442' title='bbox 2119 2660 2242 2699; x_wconf 85' lang='lat' dir='ltr'>esset</span> <span class='ocrx_word' id='word_1_443' title='bbox 2282 2651 2381 2710; x_wconf 85' lang='lat' dir='ltr'>ipse</span> <span class='ocrx_word' id='word_1_444' title='bbox 2416 2653 2539 2699; x_wconf 83' lang='lat' dir='ltr'>filius</span> <span class='ocrx_word' id='word_1_445' title='bbox 2563 2654 2801 2714; x_wconf 81' lang='lat' dir='ltr'>Scipionis</span> 
     </span>
     <span class='ocr_line' id='line_1_67' title="bbox 1604 2715 2803 2776; baseline -0.001 -12"><span class='ocrx_word' id='word_1_446' title='bbox 1604 2716 1806 2764; x_wconf 70' lang='lat' dir='ltr'>Nasicae.</span> <span class='ocrx_word' id='word_1_447' title='bbox 1869 2716 1915 2762; x_wconf 90' lang='lat' dir='ltr'>ls</span> <span class='ocrx_word' id='word_1_448' title='bbox 1938 2717 2133 2762; x_wconf 85' lang='lat' dir='ltr'>tandem</span> <span class='ocrx_word' id='word_1_449' title='bbox 2154 2717 2251 2762; x_wconf 77' lang='lat' dir='ltr'>dux</span> <span class='ocrx_word' id='word_1_450' title='bbox 2273 2715 2481 2773; x_wconf 85' lang='lat' dir='ltr'>partium</span> <span class='ocrx_word' id='word_1_451' title='bbox 2506 2715 2660 2762; x_wconf 79' lang='lat' dir='ltr'>factus</span> <span class='ocrx_word' id='word_1_452' title='bbox 2690 2726 2803 2776; x_wconf 82' lang='lat' dir='ltr'>post</span> 
     </span>
     <span class='ocr_line' id='line_1_68' title="bbox 1605 2777 2803 2837; baseline -0.002 -10"><span class='ocrx_word' id='word_1_453' title='bbox 1605 2779 1821 2837; x_wconf 85' lang='lat' dir='ltr'>Pompeii</span> <span class='ocrx_word' id='word_1_454' title='bbox 1840 2778 2038 2835; x_wconf 82' lang='lat' dir='ltr'>exitum,</span> <span class='ocrx_word' id='word_1_455' title='bbox 2052 2777 2226 2824; x_wconf 87' lang='lat' dir='ltr'>bellum</span> <span class='ocrx_word' id='word_1_456' title='bbox 2240 2791 2347 2823; x_wconf 86' lang='lat' dir='ltr'>cum</span> <span class='ocrx_word' id='word_1_457' title='bbox 2366 2778 2557 2825; x_wconf 80' lang='lat' dir='ltr'>Caesare</span> <span class='ocrx_word' id='word_1_458' title='bbox 2574 2780 2622 2824; x_wconf 88' lang='lat' dir='ltr'>in</span> <span class='ocrx_word' id='word_1_459' title='bbox 2638 2777 2803 2826; x_wconf 62' lang='lat' dir='ltr'>Africa</span> 
     </span>
     <span class='ocr_line' id='line_1_69' title="bbox 1604 2839 2802 2901; baseline 0 -13"><span class='ocrx_word' id='word_1_460' title='bbox 1604 2842 1869 2896; x_wconf 81' lang='lat' dir='ltr'>renovavit,</span> <span class='ocrx_word' id='word_1_461' title='bbox 1884 2856 1978 2900; x_wconf 86' lang='lat' dir='ltr'>quo</span> <span class='ocrx_word' id='word_1_462' title='bbox 1999 2847 2049 2886; x_wconf 87' lang='lat' dir='ltr'>et</span> <span class='ocrx_word' id='word_1_463' title='bbox 2062 2841 2227 2899; x_wconf 86' lang='lat' dir='ltr'>periit;</span> <span class='ocrx_word' id='word_1_464' title='bbox 2249 2839 2387 2901; x_wconf 87' lang='lat' dir='ltr'>cujus</span> <span class='ocrx_word' id='word_1_465' title='bbox 2408 2850 2612 2888; x_wconf 87' lang='lat' dir='ltr'>mortem</span> <span class='ocrx_word' id='word_1_466' title='bbox 2628 2843 2736 2888; x_wconf 74' lang='lat' dir='ltr'>vide</span> <span class='ocrx_word' id='word_1_467' title='bbox 2751 2842 2802 2889; x_wconf 92' lang='lat' dir='ltr'>in</span> 
     </span>
     <span class='ocr_line' id='line_1_70' title="bbox 1605 2903 2470 2962; baseline -0.003 -11"><span class='ocrx_word' id='word_1_468' title='bbox 1605 2905 1728 2951; x_wconf 86' lang='lat' dir='ltr'>libro</span> <span class='ocrx_word' id='word_1_469' title='bbox 1750 2911 1977 2962; x_wconf 83' lang='lat' dir='ltr'>sequente</span> <span class='ocrx_word' id='word_1_470' title='bbox 1997 2904 2059 2950; x_wconf 86' lang='lat' dir='ltr'>de</span> <span class='ocrx_word' id='word_1_471' title='bbox 2080 2903 2205 2949; x_wconf 87' lang='lat' dir='ltr'>bello</span> <span class='ocrx_word' id='word_1_472' title='bbox 2228 2903 2470 2951; x_wconf 79' lang='lat' dir='ltr'>Africano.</span> 
     </span>
    </p>

    <p class='ocr_par' dir='ltr' id='par_1_20' title="bbox 1601 2963 2879 3967">
     <span class='ocr_line' id='line_1_71' title="bbox 1671 2963 2802 3029; baseline 0 -16"><span class='ocrx_word' id='word_1_473' title='bbox 1671 2968 1744 3013; x_wconf 83' lang='lat'>12.</span> <span class='ocrx_word' id='word_1_474' title='bbox 1774 2965 1908 3026; x_wconf 71' lang='lat' dir='ltr'>Quod</span> <span class='ocrx_word' id='word_1_475' title='bbox 1926 2969 2110 3013; x_wconf 69' lang='lat' dir='ltr'>senatus</span> <span class='ocrx_word' id='word_1_476' title='bbox 2122 2963 2175 3012; x_wconf 78' lang='lat' dir='ltr'>in</span> <span class='ocrx_word' id='word_1_477' title='bbox 2200 2964 2314 3012; x_wconf 76' lang='lat' dir='ltr'>urbe</span> <span class='ocrx_word' id='word_1_478' title='bbox 2335 2965 2625 3029; x_wconf 71' lang='lat' dir='ltr'>habebatur]</span> <span class='ocrx_word' id='word_1_479' title='bbox 2661 2967 2802 3015; x_wconf 84' lang='lat' dir='ltr'>Pom-</span> 
     </span>
     <span class='ocr_line' id='line_1_72' title="bbox 1604 3027 2804 3088; baseline 0 -12"><span class='ocrx_word' id='word_1_480' title='bbox 1604 3030 1713 3088; x_wconf 87' lang='lat' dir='ltr'>peio</span> <span class='ocrx_word' id='word_1_481' title='bbox 1734 3044 1830 3077; x_wconf 87' lang='lat' dir='ltr'>non</span> <span class='ocrx_word' id='word_1_482' title='bbox 1861 3028 2051 3086; x_wconf 83' lang='lat' dir='ltr'>licebat,</span> <span class='ocrx_word' id='word_1_483' title='bbox 2073 3035 2126 3073; x_wconf 91' lang='lat' dir='ltr'>ut</span> <span class='ocrx_word' id='word_1_484' title='bbox 2165 3027 2409 3086; x_wconf 65' lang='lat' dir='ltr'>Hispaniae</span> <span class='ocrx_word' id='word_1_485' title='bbox 2443 3029 2731 3087; x_wconf 85' lang='lat' dir='ltr'>proconsuli,</span> <span class='ocrx_word' id='word_1_486' title='bbox 2754 3029 2804 3077; x_wconf 84' lang='lat' dir='ltr'>in</span> 
     </span>
     <span class='ocr_line' id='line_1_73' title="bbox 1605 3090 2803 3148; baseline 0.001 -11"><span class='ocrx_word' id='word_1_487' title='bbox 1605 3095 1722 3139; x_wconf 87' lang='lat' dir='ltr'>urbe</span> <span class='ocrx_word' id='word_1_488' title='bbox 1745 3094 1928 3138; x_wconf 81' lang='lat' dir='ltr'>adesse.</span> <span class='ocrx_word' id='word_1_489' title='bbox 1991 3091 2085 3137; x_wconf 88' lang='lat' dir='ltr'>Sed</span> <span class='ocrx_word' id='word_1_490' title='bbox 2102 3090 2165 3148; x_wconf 90' lang='lat' dir='ltr'>ei,</span> <span class='ocrx_word' id='word_1_491' title='bbox 2185 3090 2227 3136; x_wconf 88' lang='lat' dir='ltr'>si</span> <span class='ocrx_word' id='word_1_492' title='bbox 2248 3104 2442 3138; x_wconf 83' lang='lat' dir='ltr'>necesse</span> <span class='ocrx_word' id='word_1_493' title='bbox 2459 3092 2602 3139; x_wconf 83' lang='lat' dir='ltr'>fuisse</span> <span class='ocrx_word' id='word_1_494' title='bbox 2624 3091 2675 3138; x_wconf 84' lang='lat' dir='ltr'>ln</span> <span class='ocrx_word' id='word_1_495' title='bbox 2695 3093 2803 3138; x_wconf 85' lang='lat' dir='ltr'>sub-</span> 
     </span>
     <span class='ocr_line' id='line_1_74' title="bbox 1605 3152 2803 3202; baseline 0.001 -2"><span class='ocrx_word' id='word_1_496' title='bbox 1605 3157 1743 3202; x_wconf 88' lang='lat' dir='ltr'>urbio</span> <span class='ocrx_word' id='word_1_497' title='bbox 1787 3155 1834 3201; x_wconf 80' lang='lat' dir='ltr'>in</span> <span class='ocrx_word' id='word_1_498' title='bbox 1878 3156 1977 3200; x_wconf 76' lang='lat' dir='ltr'>aetle</span> <span class='ocrx_word' id='word_1_499' title='bbox 2015 3152 2223 3199; x_wconf 63' lang='lat' dir='ltr'>Bellona</span> <span class='ocrx_word' id='word_1_500' title='bbox 2264 3161 2457 3200; x_wconf 85' lang='lat' dir='ltr'>senatus</span> <span class='ocrx_word' id='word_1_501' title='bbox 2492 3164 2616 3201; x_wconf 87' lang='lat' dir='ltr'>esset</span> <span class='ocrx_word' id='word_1_502' title='bbox 2650 3156 2803 3202; x_wconf 83' lang='lat' dir='ltr'>datus.</span> 
     </span>
     <span class='ocr_line' id='line_1_75' title="bbox 1610 3215 2802 3275; baseline -0.001 -12"><span class='ocrx_word' id='word_1_503' title='bbox 1610 3217 1704 3263; x_wconf 88' lang='lat' dir='ltr'>Sed</span> <span class='ocrx_word' id='word_1_504' title='bbox 1739 3218 1851 3275; x_wconf 83' lang='lat' dir='ltr'>quia</span> <span class='ocrx_word' id='word_1_505' title='bbox 1887 3225 2079 3263; x_wconf 85' lang='lat' dir='ltr'>senatus</span> <span class='ocrx_word' id='word_1_506' title='bbox 2114 3215 2163 3261; x_wconf 88' lang='lat' dir='ltr'>in</span> <span class='ocrx_word' id='word_1_507' title='bbox 2199 3216 2317 3261; x_wconf 86' lang='lat' dir='ltr'>urbe</span> <span class='ocrx_word' id='word_1_508' title='bbox 2353 3217 2635 3273; x_wconf 81' lang='lat' dir='ltr'>habebatur,</span> <span class='ocrx_word' id='word_1_509' title='bbox 2664 3217 2802 3264; x_wconf 84' lang='lat' dir='ltr'>Pom·</span> 
     </span>
     <span class='ocr_line' id='line_1_76' title="bbox 1608 3277 2802 3338; baseline 0 -14"><span class='ocrx_word' id='word_1_510' title='bbox 1608 3279 1852 3338; x_wconf 80' lang='lat' dir='ltr'>peiusque,</span> <span class='ocrx_word' id='word_1_511' title='bbox 1874 3286 1926 3324; x_wconf 88' lang='lat' dir='ltr'>ut</span> <span class='ocrx_word' id='word_1_512' title='bbox 1941 3278 2125 3336; x_wconf 79' lang='lat' dir='ltr'>scripsit</span> <span class='ocrx_word' id='word_1_513' title='bbox 2150 3277 2262 3335; x_wconf 89' lang='lat' dir='ltr'>Dio,</span> <span class='ocrx_word' id='word_1_514' title='bbox 2282 3277 2364 3324; x_wconf 84' lang='lat' dir='ltr'>lib.</span> <span class='ocrx_word' id='word_1_515' title='bbox 2386 3293 2487 3326; x_wconf 76' lang='lat' dir='ltr'>xm.</span> <span class='ocrx_word' id='word_1_516' title='bbox 2510 3279 2559 3324; x_wconf 84' lang='lat' dir='ltr'>ln</span> <span class='ocrx_word' id='word_1_517' title='bbox 2581 3278 2802 3326; x_wconf 83' lang='lat' dir='ltr'>suburbio</span> 
     </span>
     <span class='ocr_line' id='line_1_77' title="bbox 1608 3340 2805 3403; baseline -0.001 -16"><span class='ocrx_word' id='word_1_518' title='bbox 1608 3356 1718 3387; x_wconf 89' lang='lat' dir='ltr'>cum</span> <span class='ocrx_word' id='word_1_519' title='bbox 1740 3340 1951 3388; x_wconf 78' lang='lat' dir='ltr'>exercitu</span> <span class='ocrx_word' id='word_1_520' title='bbox 1974 3349 2095 3395; x_wconf 82' lang='lat' dir='ltr'>erat,</span> <span class='ocrx_word' id='word_1_521' title='bbox 2116 3340 2337 3399; x_wconf 80' lang='lat' dir='ltr'>quicquid</span> <span class='ocrx_word' id='word_1_522' title='bbox 2360 3341 2464 3403; x_wconf 87' lang='lat' dir='ltr'>ejus</span> <span class='ocrx_word' id='word_1_523' title='bbox 2487 3355 2624 3388; x_wconf 85' lang='lat' dir='ltr'>socer</span> <span class='ocrx_word' id='word_1_524' title='bbox 2647 3340 2805 3401; x_wconf 81' lang='lat' dir='ltr'>Scipio</span> 
     </span>
     <span class='ocr_line' id='line_1_78' title="bbox 1609 3402 2809 3463; baseline 0 -14"><span class='ocrx_word' id='word_1_525' title='bbox 1609 3404 1815 3459; x_wconf 83' lang='lat' dir='ltr'>dixerat,</span> <span class='ocrx_word' id='word_1_526' title='bbox 1859 3405 1922 3449; x_wconf 89' lang='lat' dir='ltr'>ab</span> <span class='ocrx_word' id='word_1_527' title='bbox 1964 3403 2068 3462; x_wconf 87' lang='lat' dir='ltr'>ipso</span> <span class='ocrx_word' id='word_1_528' title='bbox 2104 3402 2349 3460; x_wconf 88' lang='lat' dir='ltr'>Pompeio,</span> <span class='ocrx_word' id='word_1_529' title='bbox 2385 3404 2465 3463; x_wconf 78' lang='lat' dir='ltr'>qui</span> <span class='ocrx_word' id='word_1_530' title='bbox 2503 3406 2551 3450; x_wconf 91' lang='lat' dir='ltr'>in</span> <span class='ocrx_word' id='word_1_531' title='bbox 2589 3403 2809 3463; x_wconf 81' lang='lat' dir='ltr'>proximo</span> 
     </span>
     <span class='ocr_line' id='line_1_79' title="bbox 1610 3464 2810 3524; baseline 0.002 -12"><span class='ocrx_word' id='word_1_532' title='bbox 1610 3467 1833 3513; x_wconf 86' lang='lat' dir='ltr'>suburbio</span> <span class='ocrx_word' id='word_1_533' title='bbox 1848 3475 1968 3522; x_wconf 85' lang='lat' dir='ltr'>erat,</span> <span class='ocrx_word' id='word_1_534' title='bbox 1982 3464 2249 3524; x_wconf 79' lang='lat' dir='ltr'>profectum</span> <span class='ocrx_word' id='word_1_535' title='bbox 2263 3466 2639 3514; x_wconf 83' lang='lat' dir='ltr'>existimabatur.</span> <span class='ocrx_word' id='word_1_536' title='bbox 2671 3466 2810 3515; x_wconf 76' lang='lat' dir='ltr'>Pom-</span> 
     </span>
     <span class='ocr_line' id='line_1_80' title="bbox 1601 3527 2813 3592; baseline -0.001 -16"><span class='ocrx_word' id='word_1_537' title='bbox 1601 3529 1738 3592; x_wconf 74' lang='lat' dir='ltr'>peius</span> <span class='ocrx_word' id='word_1_538' title='bbox 1757 3527 1820 3574; x_wconf 79' lang='lat' dir='ltr'>od</span> <span class='ocrx_word' id='word_1_539' title='bbox 1848 3527 2009 3575; x_wconf 78' lang='lat' dir='ltr'>urbem</span> <span class='ocrx_word' id='word_1_540' title='bbox 2045 3529 2161 3581; x_wconf 77' lang='lat' dir='ltr'>erat,</span> <span class='ocrx_word' id='word_1_541' title='bbox 2193 3527 2367 3588; x_wconf 78' lang='lat' dir='ltr'>legitur</span> <span class='ocrx_word' id='word_1_542' title='bbox 2395 3527 2424 3576; x_wconf 66' lang='lat' dir='ltr'>a</span> <span class='ocrx_word' id='word_1_543' title='bbox 2460 3529 2666 3576; x_wconf 83' lang='lat' dir='ltr'>Mureto.</span> <span class='ocrx_word' id='word_1_544' title='bbox 2731 3528 2813 3576; x_wconf 86' lang='lat' dir='ltr'>Sic</span> 
     </span>
     <span class='ocr_line' id='line_1_81' title="bbox 1609 3589 2817 3650; baseline 0.002 -13"><span class='ocrx_word' id='word_1_545' title='bbox 1609 3591 1738 3638; x_wconf 86' lang='lat' dir='ltr'>enim</span> <span class='ocrx_word' id='word_1_546' title='bbox 1774 3590 1821 3637; x_wconf 87' lang='lat' dir='ltr'>in</span> <span class='ocrx_word' id='word_1_547' title='bbox 1855 3590 2002 3636; x_wconf 80' lang='lat' dir='ltr'>veteri</span> <span class='ocrx_word' id='word_1_548' title='bbox 2037 3589 2119 3636; x_wconf 87' lang='lat' dir='ltr'>lib.</span> <span class='ocrx_word' id='word_1_549' title='bbox 2154 3590 2467 3649; x_wconf 85' lang='lat' dir='ltr'>scribebatur,</span> <span class='ocrx_word' id='word_1_550' title='bbox 2487 3590 2592 3638; x_wconf 72' lang='lat' dir='ltr'>AV.</span> <span class='ocrx_word' id='word_1_551' title='bbox 2627 3605 2717 3650; x_wconf 89' lang='lat' dir='ltr'>pro</span> <span class='ocrx_word' id='word_1_552' title='bbox 2750 3590 2817 3638; x_wconf 75' lang='lat' dir='ltr'>ad</span> 
     </span>
     <span class='ocr_line' id='line_1_82' title="bbox 1609 3652 2816 3714; baseline -0.001 -13"><span class='ocrx_word' id='word_1_553' title='bbox 1609 3653 1783 3701; x_wconf 78' lang='lat' dir='ltr'>urbem.</span> <span class='ocrx_word' id='word_1_554' title='bbox 1846 3653 1985 3699; x_wconf 88' lang='lat' dir='ltr'>Unde</span> <span class='ocrx_word' id='word_1_555' title='bbox 2022 3652 2202 3698; x_wconf 84' lang='lat' dir='ltr'>sactum</span> <span class='ocrx_word' id='word_1_556' title='bbox 2235 3652 2336 3699; x_wconf 77' lang='lat' dir='ltr'>AV.</span> <span class='ocrx_word' id='word_1_557' title='bbox 2357 3662 2463 3700; x_wconf 83' lang='lat' dir='ltr'>erat</span> <span class='ocrx_word' id='word_1_558' title='bbox 2494 3655 2621 3714; x_wconf 87' lang='lat' dir='ltr'>quod</span> <span class='ocrx_word' id='word_1_559' title='bbox 2646 3656 2816 3701; x_wconf 83' lang='lat' dir='ltr'>oberat</span> 
     </span>
     <span class='ocr_line' id='line_1_83' title="bbox 1613 3713 2814 3776; baseline -0.002 -14"><span class='ocrx_word' id='word_1_560' title='bbox 1613 3725 1782 3776; x_wconf 88' lang='lat' dir='ltr'>postea</span> <span class='ocrx_word' id='word_1_561' title='bbox 1804 3715 2045 3773; x_wconf 86' lang='lat' dir='ltr'>scriptum.</span> <span class='ocrx_word' id='word_1_562' title='bbox 2094 3713 2332 3762; x_wconf 85' lang='lat' dir='ltr'>Pedianus</span> <span class='ocrx_word' id='word_1_563' title='bbox 2348 3715 2430 3762; x_wconf 87' lang='lat' dir='ltr'>lib.</span> <span class='ocrx_word' id='word_1_564' title='bbox 2448 3731 2502 3764; x_wconf 81' lang='grc' dir='ltr'>ιι.</span> <span class='ocrx_word' id='word_1_565' title='bbox 2525 3716 2573 3762; x_wconf 89' lang='lat' dir='ltr'>in</span> <span class='ocrx_word' id='word_1_566' title='bbox 2591 3716 2814 3763; x_wconf 85' lang='lat' dir='ltr'>Verrem:</span> 
     </span>
     <span class='ocr_line' id='line_1_84' title="bbox 1610 3775 2879 3842; baseline 0 -17"><span class='ocrx_word' id='word_1_567' title='bbox 1610 3777 1686 3825; x_wconf 71' lang='lat' dir='ltr'>Ad</span> <span class='ocrx_word' id='word_1_568' title='bbox 1722 3778 1900 3832; x_wconf 83' lang='lat' dir='ltr'>urbem,</span> <span class='ocrx_word' id='word_1_569' title='bbox 1920 3775 1969 3822; x_wconf 82' lang='lat' dir='ltr'>iu</span> <span class='ocrx_word' id='word_1_570' title='bbox 1995 3775 2106 3824; x_wconf 75' lang='lat' dir='ltr'>urbe</span> <span class='ocrx_word' id='word_1_571' title='bbox 2138 3791 2228 3824; x_wconf 74' lang='lat' dir='ltr'>esse</span> <span class='ocrx_word' id='word_1_572' title='bbox 2263 3777 2359 3826; x_wconf 75' lang='lat' dir='ltr'>diei</span> <span class='ocrx_word' id='word_1_573' title='bbox 2390 3777 2501 3826; x_wconf 72' lang='lat' dir='ltr'>solet</span> <span class='ocrx_word' id='word_1_574' title='bbox 2533 3777 2588 3826; x_wconf 75' lang='lat' dir='ltr'>de</span> <span class='ocrx_word' id='word_1_575' title='bbox 2624 3777 2700 3835; x_wconf 76' lang='lat' dir='ltr'>iis,</span> <span class='ocrx_word' id='word_1_576' title='bbox 2734 3777 2820 3842; x_wconf 76' lang='lat' dir='ltr'>qui</span> <span class='ocrx_word' id='word_1_577' title='bbox 2870 3803 2879 3812; x_wconf 86' lang='lat'><em>,</em></span> 
     </span>
     <span class='ocr_line' id='line_1_85' title="bbox 1609 3838 2819 3904; baseline 0.001 -17"><span class='ocrx_word' id='word_1_578' title='bbox 1609 3855 1713 3888; x_wconf 82' lang='lat' dir='ltr'>cum</span> <span class='ocrx_word' id='word_1_579' title='bbox 1720 3844 1939 3901; x_wconf 73' lang='lat' dir='ltr'>potestate</span> <span class='ocrx_word' id='word_1_580' title='bbox 1945 3838 2268 3902; x_wconf 65' lang='lat' dir='ltr'>praecantari</span> <span class='ocrx_word' id='word_1_581' title='bbox 2280 3845 2361 3888; x_wconf 68' lang='lat' dir='ltr'>otu</span> <span class='ocrx_word' id='word_1_582' title='bbox 2375 3854 2525 3903; x_wconf 79' lang='lat' dir='ltr'>nuper</span> <span class='ocrx_word' id='word_1_583' title='bbox 2536 3838 2561 3888; x_wconf 77' lang='grc' dir='ltr'><strong><em>ὲ</em></strong></span> <span class='ocrx_word' id='word_1_584' title='bbox 2568 3839 2819 3904; x_wconf 69' lang='grc' dir='ltr'><em>γνουίπεία</em></span> 
     </span>
     <span class='ocr_line' id='line_1_86' title="bbox 1609 3900 2816 3967; baseline 0.001 -17"><span class='ocrx_word' id='word_1_585' title='bbox 1609 3903 1775 3950; x_wconf 77' lang='lat' dir='ltr'>reversi</span> <span class='ocrx_word' id='word_1_586' title='bbox 1797 3906 1953 3958; x_wconf 67' lang='lat' dir='ltr'>urent,</span> <span class='ocrx_word' id='word_1_587' title='bbox 1975 3905 2054 3948; x_wconf 74' lang='lat' dir='ltr'>md</span> <span class='ocrx_word' id='word_1_588' title='bbox 2076 3900 2285 3950; x_wconf 79' lang='lat' dir='ltr'>nondum</span> <span class='ocrx_word' id='word_1_589' title='bbox 2304 3903 2358 3952; x_wconf 76' lang='lat' dir='ltr'>in</span> <span class='ocrx_word' id='word_1_590' title='bbox 2384 3902 2678 3967; x_wconf 75' lang='lat' dir='ltr'>provinciam</span> <span class='ocrx_word' id='word_1_591' title='bbox 2702 3917 2816 3967; x_wconf 79' lang='lat' dir='ltr'>pro-</span> 
     </span>
    </p>
   </div>
   <div class='ocr_carea' id='block_1_16' title="bbox 412 3961 1891 4028">
    <p class='ocr_par' dir='ltr' id='par_1_21' title="bbox 412 3961 1891 4028">
     <span class='ocr_line' id='line_1_87' title="bbox 412 3961 1891 4028; baseline -0.001 -19"><span class='ocrx_word' id='word_1_592' title='bbox 412 3964 458 4009; x_wconf 81' lang='lat'><strong>3.</strong></span> <span class='ocrx_word' id='word_1_593' title='bbox 493 3961 716 4026; x_wconf 64' lang='lat' dir='ltr'>Riserunt</span> <span class='ocrx_word' id='word_1_594' title='bbox 744 3962 948 4011; x_wconf 64' lang='lat' dir='ltr'>consum</span> <span class='ocrx_word' id='word_1_595' title='bbox 977 3962 1033 4011; x_wconf 80' lang='lat' dir='ltr'>de</span> <span class='ocrx_word' id='word_1_596' title='bbox 1069 3965 1189 4026; x_wconf 71' lang='lat' dir='ltr'>rep]</span> <span class='ocrx_word' id='word_1_597' title='bbox 1225 3964 1280 4012; x_wconf 90' lang='lat' dir='ltr'>L.</span> <span class='ocrx_word' id='word_1_598' title='bbox 1320 3964 1549 4012; x_wconf 77' lang='lat' dir='ltr'>Lentulus</span> <span class='ocrx_word' id='word_1_599' title='bbox 1599 3965 1891 4028; x_wconf 67' lang='lat' dir='ltr'>sentiment.</span> 
     </span>
    </p>
   </div>
   <div class='ocr_carea' id='block_1_17' title="bbox 351 4025 1555 4710">
    <p class='ocr_par' dir='ltr' id='par_1_22' title="bbox 351 4025 1555 4522">
     <span class='ocr_line' id='line_1_88' title="bbox 353 4025 1552 4084; baseline 0.002 -12"><span class='ocrx_word' id='word_1_600' title='bbox 353 4032 404 4072; x_wconf 86' lang='lat' dir='ltr'>et</span> <span class='ocrx_word' id='word_1_601' title='bbox 426 4025 482 4072; x_wconf 88' lang='lat' dir='ltr'>C.</span> <span class='ocrx_word' id='word_1_602' title='bbox 508 4025 783 4081; x_wconf 82' lang='lat' dir='ltr'>Marcellus,</span> <span class='ocrx_word' id='word_1_603' title='bbox 804 4026 885 4084; x_wconf 83' lang='lat' dir='ltr'>qui</span> <span class='ocrx_word' id='word_1_604' title='bbox 907 4025 988 4072; x_wconf 88' lang='lat' dir='ltr'>illo</span> <span class='ocrx_word' id='word_1_605' title='bbox 1005 4041 1135 4072; x_wconf 86' lang='lat' dir='ltr'>anno</span> <span class='ocrx_word' id='word_1_606' title='bbox 1156 4035 1297 4074; x_wconf 88' lang='lat' dir='ltr'>erant</span> <span class='ocrx_word' id='word_1_607' title='bbox 1316 4028 1552 4084; x_wconf 82' lang='lat' dir='ltr'>consules,</span> 
     </span>
     <span class='ocr_line' id='line_1_89' title="bbox 351 4088 1552 4147; baseline 0.001 -13"><span class='ocrx_word' id='word_1_608' title='bbox 351 4088 592 4147; x_wconf 83' lang='lat' dir='ltr'>iidemque</span> <span class='ocrx_word' id='word_1_609' title='bbox 611 4088 813 4134; x_wconf 62' lang='lat' dir='ltr'>Cesarls</span> <span class='ocrx_word' id='word_1_610' title='bbox 827 4089 1020 4135; x_wconf 85' lang='lat' dir='ltr'>inimici.</span> <span class='ocrx_word' id='word_1_611' title='bbox 1074 4088 1127 4135; x_wconf 72' lang='lat' dir='ltr'>ld</span> <span class='ocrx_word' id='word_1_612' title='bbox 1144 4099 1302 4136; x_wconf 81' lang='lat' dir='ltr'>autem</span> <span class='ocrx_word' id='word_1_613' title='bbox 1314 4090 1552 4145; x_wconf 82' lang='lat' dir='ltr'>consules,</span> 
     </span>
     <span class='ocr_line' id='line_1_90' title="bbox 354 4149 1550 4210; baseline -0.001 -12"><span class='ocrx_word' id='word_1_614' title='bbox 354 4151 467 4198; x_wconf 84' lang='lat' dir='ltr'>anni</span> <span class='ocrx_word' id='word_1_615' title='bbox 491 4149 726 4210; x_wconf 84' lang='lat' dir='ltr'>principio</span> <span class='ocrx_word' id='word_1_616' title='bbox 747 4152 907 4198; x_wconf 78' lang='lat' dir='ltr'>facere</span> <span class='ocrx_word' id='word_1_617' title='bbox 927 4150 1164 4207; x_wconf 82' lang='lat' dir='ltr'>solebant,</span> <span class='ocrx_word' id='word_1_618' title='bbox 1185 4151 1318 4200; x_wconf 73' lang='lat' dir='ltr'>finite</span> <span class='ocrx_word' id='word_1_619' title='bbox 1340 4161 1420 4199; x_wconf 85' lang='lat' dir='ltr'>aut</span> <span class='ocrx_word' id='word_1_620' title='bbox 1444 4152 1550 4198; x_wconf 84' lang='lat' dir='ltr'>infi-</span> 
     </span>
     <span class='ocr_line' id='line_1_91' title="bbox 352 4211 1548 4275; baseline 0.001 -16"><span class='ocrx_word' id='word_1_621' title='bbox 352 4211 451 4259; x_wconf 73' lang='lat' dir='ltr'>nite</span> <span class='ocrx_word' id='word_1_622' title='bbox 468 4227 483 4271; x_wconf 85' lang='lat'>;</span> <span class='ocrx_word' id='word_1_623' title='bbox 513 4211 663 4267; x_wconf 70' lang='lat' dir='ltr'>finite,</span> <span class='ocrx_word' id='word_1_624' title='bbox 686 4213 736 4259; x_wconf 82' lang='lat' dir='ltr'>id</span> <span class='ocrx_word' id='word_1_625' title='bbox 756 4221 844 4270; x_wconf 87' lang='lat' dir='ltr'>est,</span> <span class='ocrx_word' id='word_1_626' title='bbox 867 4213 928 4260; x_wconf 84' lang='lat' dir='ltr'>de</span> <span class='ocrx_word' id='word_1_627' title='bbox 957 4213 1155 4274; x_wconf 74' lang='lat' dir='ltr'>singulis</span> <span class='ocrx_word' id='word_1_628' title='bbox 1188 4218 1344 4271; x_wconf 82' lang='lat' dir='ltr'>rebus,</span> <span class='ocrx_word' id='word_1_629' title='bbox 1381 4214 1421 4260; x_wconf 87' lang='lat' dir='ltr'>si</span> <span class='ocrx_word' id='word_1_630' title='bbox 1443 4229 1548 4275; x_wconf 62' lang='lat' dir='ltr'>quai</span> 
     </span>
     <span class='ocr_line' id='line_1_92' title="bbox 353 4273 1550 4335; baseline 0.002 -15"><span class='ocrx_word' id='word_1_631' title='bbox 353 4275 602 4335; x_wconf 73' lang='lat' dir='ltr'>graviores</span> <span class='ocrx_word' id='word_1_632' title='bbox 626 4274 924 4333; x_wconf 81' lang='lat' dir='ltr'>incidissent3</span> <span class='ocrx_word' id='word_1_633' title='bbox 958 4273 1138 4323; x_wconf 69' lang='lat' dir='ltr'>infinite</span> <span class='ocrx_word' id='word_1_634' title='bbox 1160 4277 1289 4333; x_wconf 78' lang='lat' dir='ltr'>vero,</span> <span class='ocrx_word' id='word_1_635' title='bbox 1311 4277 1351 4323; x_wconf 88' lang='lat' dir='ltr'>si</span> <span class='ocrx_word' id='word_1_636' title='bbox 1367 4277 1550 4323; x_wconf 84' lang='lat' dir='ltr'>nullum</span> 
     </span>
     <span class='ocr_line' id='line_1_93' title="bbox 355 4337 1555 4400; baseline 0.001 -17"><span class='ocrx_word' id='word_1_637' title='bbox 355 4345 481 4384; x_wconf 81' lang='lat' dir='ltr'>esset</span> <span class='ocrx_word' id='word_1_638' title='bbox 497 4337 741 4398; x_wconf 79' lang='lat' dir='ltr'>negotium</span> <span class='ocrx_word' id='word_1_639' title='bbox 758 4338 808 4384; x_wconf 86' lang='lat' dir='ltr'>in</span> <span class='ocrx_word' id='word_1_640' title='bbox 823 4340 1094 4398; x_wconf 63' lang='lat' dir='ltr'>prasentia,</span> <span class='ocrx_word' id='word_1_641' title='bbox 1116 4341 1244 4400; x_wconf 85' lang='lat' dir='ltr'>quod</span> <span class='ocrx_word' id='word_1_642' title='bbox 1261 4339 1334 4385; x_wconf 88' lang='lat' dir='ltr'>sin</span> <span class='ocrx_word' id='word_1_643' title='bbox 1506 4354 1555 4384; x_wconf 89' lang='lat' dir='ltr'>m</span> 
     </span>
     <span class='ocr_line' id='line_1_94' title="bbox 355 4401 1554 4459; baseline 0.004 -15"><span class='ocrx_word' id='word_1_644' title='bbox 355 4408 545 4455; x_wconf 74' lang='lat' dir='ltr'>patrum</span> <span class='ocrx_word' id='word_1_645' title='bbox 588 4414 754 4446; x_wconf 85' lang='lat' dir='ltr'>curam</span> <span class='ocrx_word' id='word_1_646' title='bbox 807 4401 1119 4459; x_wconf 78' lang='lat' dir='ltr'>desideraret,</span> <span class='ocrx_word' id='word_1_647' title='bbox 1168 4409 1291 4449; x_wconf 83' lang='lat' dir='ltr'>teste</span> <span class='ocrx_word' id='word_1_648' title='bbox 1378 4414 1554 4449; x_wconf 85' lang='lat' dir='ltr'>arrone</span> 
     </span>
     <span class='ocr_line' id='line_1_95' title="bbox 357 4460 1136 4522; baseline 0.008 -18"><span class='ocrx_word' id='word_1_649' title='bbox 357 4460 488 4516; x_wconf 83' lang='lat' dir='ltr'>apud</span> <span class='ocrx_word' id='word_1_650' title='bbox 506 4461 728 4517; x_wconf 82' lang='lat' dir='ltr'>Gellium,</span> <span class='ocrx_word' id='word_1_651' title='bbox 745 4462 825 4509; x_wconf 88' lang='lat' dir='ltr'>lib.</span> <span class='ocrx_word' id='word_1_652' title='bbox 846 4478 944 4512; x_wconf 75' lang='lat' dir='ltr'>nv.</span> <span class='ocrx_word' id='word_1_653' title='bbox 965 4475 1074 4522; x_wconf 84' lang='lat' dir='ltr'>cap.</span> <span class='ocrx_word' id='word_1_654' title='bbox 1092 4465 1136 4513; x_wconf 82' lang='lat'><strong>7.</strong></span> 
     </span>
    </p>

    <p class='ocr_par' dir='ltr' id='par_1_23' title="bbox 357 4520 1550 4649">
     <span class='ocr_line' id='line_1_96' title="bbox 416 4520 1550 4590; baseline 0.007 -24"><span class='ocrx_word' id='word_1_655' title='bbox 416 4520 486 4566; x_wconf 72' lang='lat' dir='ltr'>lb.</span> <span class='ocrx_word' id='word_1_656' title='bbox 519 4521 576 4568; x_wconf 77' lang='lat' dir='ltr'>ln</span> <span class='ocrx_word' id='word_1_657' title='bbox 590 4521 810 4590; x_wconf 65' lang='lat' dir='ltr'>civitate]</span> <span class='ocrx_word' id='word_1_658' title='bbox 846 4527 1086 4583; x_wconf 80' lang='lat' dir='ltr'>Abundat,</span> <span class='ocrx_word' id='word_1_659' title='bbox 1114 4535 1164 4574; x_wconf 89' lang='lat' dir='ltr'>et</span> <span class='ocrx_word' id='word_1_660' title='bbox 1184 4542 1246 4574; x_wconf 84' lang='lat' dir='ltr'>ex</span> <span class='ocrx_word' id='word_1_661' title='bbox 1268 4526 1550 4586; x_wconf 83' lang='lat' dir='ltr'>interpreta-</span> 
     </span>
     <span class='ocr_line' id='line_1_97' title="bbox 357 4582 1202 4649; baseline 0.005 -18"><span class='ocrx_word' id='word_1_662' title='bbox 357 4588 518 4631; x_wconf 73' lang='lat' dir='ltr'>mento</span> <span class='ocrx_word' id='word_1_663' title='bbox 539 4582 601 4627; x_wconf 77' lang='lat' dir='ltr'>ah</span> <span class='ocrx_word' id='word_1_664' title='bbox 637 4598 697 4628; x_wconf 89' lang='lat' dir='ltr'>uo</span> <span class='ocrx_word' id='word_1_665' title='bbox 718 4584 768 4630; x_wconf 88' lang='lat' dir='ltr'>in</span> <span class='ocrx_word' id='word_1_666' title='bbox 791 4594 977 4634; x_wconf 87' lang='lat' dir='ltr'>textum</span> <span class='ocrx_word' id='word_1_667' title='bbox 999 4590 1202 4649; x_wconf 81' lang='lat' dir='ltr'>irrepsit.</span> 
     </span>
    </p>

    <p class='ocr_par' dir='ltr' id='par_1_24' title="bbox 407 4598 1551 4710">
     <span class='ocr_line' id='line_1_98' title="bbox 407 4598 1551 4710; baseline 0.003 -14"><span class='ocrx_word' id='word_1_668' title='bbox 407 4640 487 4704; x_wconf 58' lang='grc' dir='ltr'>Β),</span> <span class='ocrx_word' id='word_1_669' title='bbox 519 4640 575 4687; x_wconf 80' lang='lat' dir='ltr'><strong>L.</strong></span> <span class='ocrx_word' id='word_1_670' title='bbox 603 4598 863 4708; x_wconf 46' lang='lat' dir='ltr'>{enham-1</span> <span class='ocrx_word' id='word_1_671' title='bbox 898 4649 944 4696; x_wconf 82' lang='lat' dir='ltr'>Is</span> <span class='ocrx_word' id='word_1_672' title='bbox 967 4664 1112 4710; x_wconf 82' lang='lat' dir='ltr'>porro</span> <span class='ocrx_word' id='word_1_673' title='bbox 1135 4652 1376 4699; x_wconf 76' lang='lat' dir='ltr'>Lentulus.</span> <span class='ocrx_word' id='word_1_674' title='bbox 1394 4657 1467 4699; x_wconf 71' lang='lat' dir='ltr'>est</span> <span class='ocrx_word' id='word_1_675' title='bbox 1488 4652 1551 4700; x_wconf 78' lang='lat' dir='ltr'>de</span> 
     </span>
    </p>
   </div>
   <div class='ocr_carea' id='block_1_18' title="bbox 1611 4024 2827 4713">
    <p class='ocr_par' dir='ltr' id='par_1_25' title="bbox 1611 4024 2823 4464">
     <span class='ocr_line' id='line_1_99' title="bbox 1680 4024 2819 4088; baseline 0.002 -15"><span class='ocrx_word' id='word_1_676' title='bbox 1680 4027 1835 4078; x_wconf 53' lang='lat'><strong>1451.</strong></span> <span class='ocrx_word' id='word_1_677' title='bbox 1858 4024 2145 4087; x_wconf 56' lang='lat' dir='ltr'>Marcella]</span> <span class='ocrx_word' id='word_1_678' title='bbox 2180 4029 2225 4075; x_wconf 86' lang='lat' dir='ltr'>Is</span> <span class='ocrx_word' id='word_1_679' title='bbox 2249 4036 2321 4075; x_wconf 84' lang='lat' dir='ltr'>est</span> <span class='ocrx_word' id='word_1_680' title='bbox 2340 4027 2417 4075; x_wconf 85' lang='lat' dir='ltr'>cui</span> <span class='ocrx_word' id='word_1_681' title='bbox 2438 4035 2548 4087; x_wconf 84' lang='lat' dir='ltr'>post</span> <span class='ocrx_word' id='word_1_682' title='bbox 2563 4027 2819 4088; x_wconf 76' lang='lat' dir='ltr'>Pompeia-</span> 
     </span>
     <span class='ocr_line' id='line_1_100' title="bbox 1615 4088 2817 4151; baseline 0.001 -14"><span class='ocrx_word' id='word_1_683' title='bbox 1615 4103 1726 4137; x_wconf 85' lang='lat' dir='ltr'>num</span> <span class='ocrx_word' id='word_1_684' title='bbox 1750 4089 1926 4136; x_wconf 81' lang='lat' dir='ltr'>bellum</span> <span class='ocrx_word' id='word_1_685' title='bbox 1945 4088 2110 4134; x_wconf 66' lang='lat' dir='ltr'>Cesar</span> <span class='ocrx_word' id='word_1_686' title='bbox 2132 4089 2330 4149; x_wconf 75' lang='lat' dir='ltr'>ignovit,</span> <span class='ocrx_word' id='word_1_687' title='bbox 2351 4104 2494 4151; x_wconf 85' lang='lat' dir='ltr'>quem</span> <span class='ocrx_word' id='word_1_688' title='bbox 2514 4089 2721 4137; x_wconf 83' lang='lat' dir='ltr'>Romam</span> <span class='ocrx_word' id='word_1_689' title='bbox 2743 4105 2817 4138; x_wconf 82' lang='lat' dir='ltr'>re·</span> 
     </span>
     <span class='ocr_line' id='line_1_101' title="bbox 1614 4149 2819 4213; baseline 0 -14"><span class='ocrx_word' id='word_1_690' title='bbox 1614 4153 1856 4208; x_wconf 86' lang='lat' dir='ltr'>deuntem,</span> <span class='ocrx_word' id='word_1_691' title='bbox 1878 4150 1932 4197; x_wconf 85' lang='lat' dir='ltr'>P.</span> <span class='ocrx_word' id='word_1_692' title='bbox 1956 4149 2149 4211; x_wconf 75' lang='lat' dir='ltr'>Magius</span> <span class='ocrx_word' id='word_1_693' title='bbox 2167 4153 2308 4200; x_wconf 83' lang='lat' dir='ltr'>Chilo</span> <span class='ocrx_word' id='word_1_694' title='bbox 2329 4153 2539 4213; x_wconf 75' lang='lat' dir='ltr'>pugione</span> <span class='ocrx_word' id='word_1_695' title='bbox 2562 4153 2819 4211; x_wconf 74' lang='lat' dir='ltr'>interfecit,</span> 
     </span>
     <span class='ocr_line' id='line_1_102' title="bbox 1613 4212 2823 4274; baseline 0.002 -14"><span class='ocrx_word' id='word_1_696' title='bbox 1613 4224 1747 4262; x_wconf 81' lang='lat' dir='ltr'>vetus</span> <span class='ocrx_word' id='word_1_697' title='bbox 1769 4212 2072 4270; x_wconf 65' lang='lat' dir='ltr'>Pompeianae</span> <span class='ocrx_word' id='word_1_698' title='bbox 2094 4215 2271 4262; x_wconf 65' lang='lat' dir='ltr'>militiae</span> <span class='ocrx_word' id='word_1_699' title='bbox 2300 4227 2461 4262; x_wconf 84' lang='lat' dir='ltr'>comes</span> <span class='ocrx_word' id='word_1_700' title='bbox 2484 4216 2614 4274; x_wconf 84' lang='lat' dir='ltr'>apud</span> <span class='ocrx_word' id='word_1_701' title='bbox 2638 4215 2823 4264; x_wconf 70' lang='lat' dir='ltr'>Pii-eea</span> 
     </span>
     <span class='ocr_line' id='line_1_103' title="bbox 1611 4274 2822 4337; baseline 0 -13"><span class='ocrx_word' id='word_1_702' title='bbox 1611 4285 1801 4337; x_wconf 82' lang='lat' dir='ltr'>portum</span> <span class='ocrx_word' id='word_1_703' title='bbox 1822 4274 2206 4335; x_wconf 74' lang='lat' dir='ltr'>Atheniensium5</span> <span class='ocrx_word' id='word_1_704' title='bbox 2238 4278 2367 4337; x_wconf 84' lang='lat' dir='ltr'>quod</span> <span class='ocrx_word' id='word_1_705' title='bbox 2383 4278 2471 4324; x_wconf 86' lang='lat' dir='ltr'>sibi</span> <span class='ocrx_word' id='word_1_706' title='bbox 2486 4278 2684 4336; x_wconf 84' lang='lat' dir='ltr'>quidam</span> <span class='ocrx_word' id='word_1_707' title='bbox 2701 4278 2822 4325; x_wconf 85' lang='lat' dir='ltr'>ami-</span> 
     </span>
     <span class='ocr_line' id='line_1_104' title="bbox 1614 4337 2822 4395; baseline 0 -8"><span class='ocrx_word' id='word_1_708' title='bbox 1614 4353 1780 4387; x_wconf 82' lang='lat' dir='ltr'>corum</span> <span class='ocrx_word' id='word_1_709' title='bbox 1816 4338 1982 4384; x_wconf 79' lang='lat' dir='ltr'>fuisset</span> <span class='ocrx_word' id='word_1_710' title='bbox 2014 4337 2250 4395; x_wconf 65' lang='lat' dir='ltr'>prelatus.</span> <span class='ocrx_word' id='word_1_711' title='bbox 2314 4339 2436 4387; x_wconf 85' lang='lat' dir='ltr'>Erat</span> <span class='ocrx_word' id='word_1_712' title='bbox 2458 4339 2535 4387; x_wconf 87' lang='lat' dir='ltr'>hic</span> <span class='ocrx_word' id='word_1_713' title='bbox 2558 4340 2822 4388; x_wconf 81' lang='lat' dir='ltr'>Marcellus</span> 
     </span>
     <span class='ocr_line' id='line_1_105' title="bbox 1614 4398 2360 4464; baseline -0.003 -16"><span class='ocrx_word' id='word_1_714' title='bbox 1614 4402 1674 4448; x_wconf 84' lang='lat' dir='ltr'>de</span> <span class='ocrx_word' id='word_1_715' title='bbox 1695 4400 1845 4447; x_wconf 82' lang='lat' dir='ltr'>veteri</span> <span class='ocrx_word' id='word_1_716' title='bbox 1869 4398 2179 4450; x_wconf 80' lang='lat' dir='ltr'>Claudiorum</span> <span class='ocrx_word' id='word_1_717' title='bbox 2201 4411 2360 4464; x_wconf 79' lang='lat' dir='ltr'>gente.</span> 
     </span>
    </p>

    <p class='ocr_par' dir='ltr' id='par_1_26' title="bbox 1611 4462 2827 4713">
     <span class='ocr_line' id='line_1_106' title="bbox 1680 4462 2826 4540; baseline 0.001 -29"><span class='ocrx_word' id='word_1_718' title='bbox 1680 4465 1753 4511; x_wconf 76' lang='lat'>15.</span> <span class='ocrx_word' id='word_1_719' title='bbox 1771 4462 1897 4536; x_wconf 42' lang='grc' dir='ltr'>,Νοπ</span> <span class='ocrx_word' id='word_1_720' title='bbox 1916 4469 2150 4524; x_wconf 76' lang='lat' dir='ltr'>opportere</span> <span class='ocrx_word' id='word_1_721' title='bbox 2178 4470 2284 4512; x_wconf 78' lang='lat' dir='ltr'>ante</span> <span class='ocrx_word' id='word_1_722' title='bbox 2306 4463 2361 4512; x_wconf 81' lang='lat' dir='ltr'>de</span> <span class='ocrx_word' id='word_1_723' title='bbox 2381 4479 2477 4537; x_wconf 65' lang='lat' dir='ltr'>rep.</span> <span class='ocrx_word' id='word_1_724' title='bbox 2511 4463 2577 4512; x_wconf 77' lang='lat' dir='ltr'>od</span> <span class='ocrx_word' id='word_1_725' title='bbox 2610 4470 2826 4540; x_wconf 50' lang='lat' dir='ltr'>senatun}</span> 
     </span>
     <span class='ocr_line' id='line_1_107' title="bbox 1611 4522 2827 4650; baseline 0.001 -14"><span class='ocrx_word' id='word_1_726' title='bbox 1611 4526 1798 4636; x_wconf 58' lang='lat' dir='ltr'>:m</span> <span class='ocrx_word' id='word_1_727' title='bbox 1818 4522 2827 4650; x_wconf 49' lang='lat' dir='ltr'>ffilmssfflzfflssarsffi’atiae</span> 
     </span>
     <span class='ocr_line' id='line_1_108' title="bbox 1612 4648 2821 4713; baseline 0.002 -13"><span class='ocrx_word' id='word_1_728' title='bbox 1612 4652 1737 4711; x_wconf 83' lang='lat' dir='ltr'>lica3</span> <span class='ocrx_word' id='word_1_729' title='bbox 1769 4665 1859 4699; x_wconf 85' lang='lat' dir='ltr'>nec</span> <span class='ocrx_word' id='word_1_730' title='bbox 1879 4648 2009 4695; x_wconf 81' lang='lat' dir='ltr'>enim</span> <span class='ocrx_word' id='word_1_731' title='bbox 2032 4652 2285 4713; x_wconf 79' lang='lat' dir='ltr'>quicquam</span> <span class='ocrx_word' id='word_1_732' title='bbox 2306 4651 2464 4713; x_wconf 81' lang='lat' dir='ltr'>magis</span> <span class='ocrx_word' id='word_1_733' title='bbox 2481 4653 2662 4708; x_wconf 72' lang='lat' dir='ltr'>nocuit,</span> <span class='ocrx_word' id='word_1_734' title='bbox 2678 4654 2821 4711; x_wconf 58' lang='lat' dir='ltr'>quim</span> 
     </span>
    </p>
   </div>
  </div>
 </body>
</html>
