3059 5050
389 308 474 383 es
1145 298 1268 364 ΒΕ
1310 300 1611 364 BEnLo
1656 298 2045 368 (ι’-Λιμοῦ

476 461 831 531 temperare.
899 445 1154 528 'Quibus
1192 446 1427 523 auditiS,
1475 445 1796 511 liberaliter
1840 447 2159 532 pollicituS,
2212 448 2595 533 hortatusque
2642 465 2710 515 ut
2755 448 2820 515 in

475 531 551 594 ea
580 529 867 593 sententia
895 543 1324 613 permanerent,
1349 551 1452 591 eos
1494 531 1739 592 domum
1771 531 2029 593 remisit:
2065 545 2125 594 et
2152 553 2285 593 cum
2329 533 2418 594 his
2449 536 2569 597 una
2601 535 2821 597 Comi-

477 636 602 691 um,
633 635 807 696 quem
842 616 984 697 ipse,
1008 614 1396 675 Atrebatibus
1422 614 1731 696 superatiS,
1762 635 1963 697 regem
1994 616 2077 677 ibi
2108 616 2515 694 constituerat,
2546 619 2721 698 cujus
2761 630 2823 681 et

477 698 754 760 virtutem
784 712 843 760 et
870 697 1181 758 consilium
1212 699 1531 779 probabat,
1563 710 1621 759 et
1650 719 1826 779 quem
1857 699 1967 761 sibi
1998 699 2232 761 fidelem
2257 702 2682 778 arbitrabatur,
2713 723 2823 763 cu-

397 786 436 843 5
467 784 688 863 jusque
712 780 1030 843 auctoritas
1071 781 1132 841 in
1162 780 1253 842 his
1282 782 1630 861 regionibus
1659 802 1883 863 magna
1911 783 2260 860 habebatur,
2293 784 2494 845 mittit:
2539 785 2681 845 huic
2706 784 2818 846 im-

477 880 663 948 perat,
685 886 831 945 quas
862 864 1065 947 possit,
1092 865 1270 925 adeat
1308 865 1597 941 civitates,
1627 865 2008 947 horteturque
2038 880 2101 927 ut
2146 866 2353 949 populi
2393 866 2474 929 R.
2506 868 2688 929 fidem
2727 889 2817 930 se-

477 962 752 1030 quantur,
801 968 977 1028 seque
1006 946 1271 1008 celeriter
1295 947 1365 1008 eo
1398 963 1708 1009 venturum
1753 949 1996 1010 nuntiet.
2085 947 2442 1025 VolusenuS,
2489 952 2816 1034 perspectis

475 1032 840 1112 regionibuS,
884 1044 1171 1112 quantum
1219 1031 1276 1093 ei
1322 1030 1619 1092 facultatis
1664 1033 1796 1094 dari
1839 1032 2049 1114 potuit,
2096 1033 2195 1115 qui
2226 1034 2364 1095 navi
2396 1034 2619 1114 egredi,
2651 1056 2721 1096 ac
2752 1055 2817 1095 se

474 1115 746 1176 barbaris
792 1115 1158 1176 committere
1187 1135 1308 1176 non
1339 1116 1602 1190 auderet,
1631 1136 1691 1177 v.
1723 1115 1820 1178 die
1850 1115 1928 1177 ad
1948 1113 2256 1178 Coesarem
2287 1117 2618 1193 revertitur,
2648 1139 2817 1198 quae·

396 1204 587 1281 loque
616 1199 698 1260 ibi
769 1199 1144 1280 erspexisset,
1174 1200 1491 1260 renuntiat.

557 1220 768 1345 ms
815 1281 979 1342 Dum
1011 1282 1073 1343 in
1101 1283 1193 1343 his
1223 1283 1368 1343 locis
1395 1278 1629 1358 Caesar,
1661 1283 1903 1345 navium
1933 1283 2338 1366 parandarum
2376 1282 2589 1345 caussa
2617 1304 2819 1346 mora-

469 1379 586 1442 tur,
606 1387 682 1427 ex
711 1387 936 1446 magna
966 1380 1135 1448 parte
1163 1364 1540 1427 Morinorum
1576 1366 1652 1427 ad
1680 1387 1814 1427 eum
1846 1365 2028 1448 legati
2056 1378 2363 1442 venerunt,
2394 1366 2495 1448 qui
2525 1388 2586 1427 se
2616 1367 2691 1428 de
2720 1388 2821 1428 su·

473 1451 722 1533 perioris
754 1450 1034 1532 temporis
1058 1449 1310 1511 consilio
1333 1462 1718 1527 excusarent3
1789 1448 1907 1510 uod
1942 1450 2209 1511 homines
2228 1450 2492 1526 barbari,
2518 1463 2574 1512 et
2598 1463 2820 1511 nostrae

473 1534 916 1596 consuetudinis
947 1534 1223 1616 imperiti,
1249 1532 1469 1594 bellum
1499 1554 1582 1616 po
1626 1532 1728 1594 ulo
1749 1470 1833 1594 (1¹³.
1861 1533 2159 1611 fecissent;
2205 1554 2383 1614 seque
2406 1546 2503 1610 ea,
2539 1554 2675 1616 quae
2706 1534 2820 1594 im-

396 1618 753 1702 l5perasset,
784 1617 1043 1678 facturos
1067 1617 1508 1700 pollicerentur.
1568 1556 1706 1678 fine
1738 1617 1849 1677 sibi
1880 1616 2020 1677 satis
2050 1619 2389 1699 opportune
2416 1615 2630 1678 Caesar
2656 1618 2820 1678 acci-

472 1703 628 1764 disse
659 1701 1006 1778 arbitratus3
1051 1701 1215 1783 quod
1245 1721 1435 1781 neque
1479 1713 1617 1782 post
1646 1714 1878 1782 tergum
1923 1701 2148 1761 hostem
2192 1698 2525 1781 relinquere
2552 1700 2817 1777 volebat,

473 1808 666 1868 neque
694 1785 834 1847 belli
865 1785 1131 1865 gerendi,
1161 1798 1408 1868 propter
1436 1784 1577 1845 anni
1615 1796 1730 1845 tem
1780 1805 1866 1860 uS,
1912 1783 2254 1845 facultatem
2285 1784 2582 1861 habebat3
2626 1805 2819 1864 neque

472 1869 580 1932 has
611 1868 972 1932 tantularum
1005 1888 1200 1930 rerum
1232 1868 1657 1950 occupationes
1687 1805 1797 1929 sigi
1822 1865 2159 1929 Britanniae
2189 1868 2634 1950 anteponendas
2650 1867 2819 1947 judi-

472 1956 677 2017 cabat:
722 1973 1007 2034 magnum
1034 1949 1123 2013 his
1148 1973 1458 2014 numerum
1489 1951 1768 2013 obsidum
1797 1951 2068 2034 imperat.
2150 1950 2388 2033 Quibus
2412 1951 2685 2013 adductis
2715 1972 2820 2011 eos

389 2038 534 2103 zoin
558 2039 735 2100 fidem
766 2037 1004 2119 recepit.
1080 2034 1355 2097 Navibus
1389 2035 1624 2097 circiter
1657 2055 1836 2096 cxxx.
1868 2035 2152 2097 onerariis
2199 2035 2424 2096 coactis
2471 2035 2819 2095 contractis-

474 2143 589 2204 que
636 2122 796 2203 quod
827 2121 967 2183 satis
991 2140 1114 2181 esse
1135 2120 1213 2181 ad
1238 2121 1387 2180 duas
1409 2117 1679 2199 legiones
1700 2120 2188 2201 transportandas
2207 2118 2616 2197 existimabat3
2646 2117 2812 2198 quic-

475 2169 617 2286 quid
648 2217 938 2287 praeterea
962 2203 1204 2264 navium
1234 2201 1557 2282 longarum
1586 2203 1867 2278 habebat,
1897 2204 2199 2283 quaestori,
2228 2202 2460 2284 legatIS,
2494 2201 2821 2285 praefectis-

473 2310 589 2370 que
613 2287 938 2348 distribuit:
985 2288 1098 2347 huc
1130 2286 1496 2347 accedebant
1538 2306 1719 2348 xvm.
1763 2288 2055 2347 onerariae
2086 2307 2285 2363 naveS‚
2313 2307 2449 2368 quae
2475 2307 2551 2347 ex
2581 2307 2653 2346 eo
2682 2285 2821 2346 loco

474 2372 734 2435 millibus
764 2390 1043 2452 passuum
1075 2392 1215 2432 vm.
1242 2383 1420 2430 vento
1450 2371 1819 2445 tenebantur,
1847 2370 1967 2452 quo
1994 2370 2187 2431 minus
2213 2371 2272 2430 in
2298 2371 2550 2431 eundem
2580 2382 2819 2452 portum

390 2454 783 2540 25pervenire
811 2470 1081 2538 possent:
1113 2455 1219 2515 has
1249 2453 1545 2537 equitibus
1577 2453 1891 2530 distribuit,
1923 2454 2211 2536 reliquum
2242 2453 2567 2516 exercitum
2600 2452 2681 2535 Q.
2702 2450 2818 2512 Ti-

475 2541 631 2603 turio
662 2540 915 2615 Sabino,
946 2554 1005 2600 et
1035 2538 1110 2602 L.
1137 2538 1547 2600 Aurunculeio
1578 2537 1801 2613 Cottae,
1833 2538 2064 2618 legatiS,
2096 2540 2155 2599 in
2184 2537 2525 2622 MenapiOS,
2556 2550 2736 2618 atque
2760 2535 2821 2597 in

475 2646 576 2686 eos
600 2645 792 2706 pagos
814 2622 1214 2698 Morinorum,
1246 2625 1322 2684 ab
1348 2622 1565 2702 quibus
1595 2622 1671 2682 ad
1714 2642 1848 2682 eum
1896 2621 2074 2702 legati
2121 2644 2247 2683 non
2286 2634 2588 2697 venerant,
2634 2621 2822 2682 dedu-

474 2707 727 2776 cendum
754 2706 946 2768 dedit:
991 2707 1064 2768 P.
1097 2706 1419 2789 Sulpitium
1450 2704 1681 2768 Rufum
1713 2704 1978 2786 legatum
2010 2727 2145 2768 cum
2191 2727 2263 2768 eo
2306 2705 2611 2789 praesidi0‚
2658 2704 2824 2785 quod

476 2792 614 2853 satis
638 2812 763 2853 esse
792 2792 1210 2865 arbitrabatur,
1242 2802 1478 2872 portum
1504 2802 1702 2850 tenere
1718 2789 1917 2870 jussit.

391 2882 473 2940 30
558 2873 803 2937 XXIII.
851 2873 963 2935 His
993 2873 1326 2936 constitutis
1356 2873 1551 2948 rebuS‚
1579 2887 1786 2934 nactus
1816 2873 2093 2934 idoneam
2127 2872 2203 2934 ad
2235 2872 2646 2954 navigandum
2674 2884 2825 2932 tem-

474 2973 781 3042 pestatem,
819 2958 992 3020 tertia
1034 2958 1158 3020 fere
1201 2955 1413 3038 vigilia
1456 2957 1652 3030 solvit,
1697 2956 2041 3039 equitesque
2083 2957 2145 3017 in
2192 2956 2530 3018 ulteriorem
2580 2967 2823 3038 portum

472 3044 778 3128 progredi,
825 3057 884 3104 et
927 3064 1107 3104 naves
1157 3041 1574 3117 conscendere,
1624 3062 1694 3101 ac
1741 3062 1803 3101 se
1846 3041 2012 3121 sequi
2043 3041 2255 3120 jussit:
2301 3042 2378 3101 ab
2423 3039 2638 3122 quibus
2682 3038 2823 3099 cum

474 3127 678 3211 paullo
707 3128 933 3189 tardius
962 3140 1112 3188 esset
1141 3127 1641 3199 administratum,
1685 3124 1810 3206 ipse
1839 3124 1990 3185 hora
2017 3125 2251 3185 circiter
2275 3124 2395 3185 diei
2427 3145 2510 3185 tv·
2538 3143 2675 3184 cum
2699 3121 2825 3203 pri·

469 3211 583 3276 mis
611 3212 863 3272 navibus
891 3209 1270 3272 Britanniam
1299 3208 1527 3288 attigit:
1575 3221 1751 3288 atque
1780 3207 1860 3268 ibi
1893 3207 1954 3268 in
1985 3208 2260 3269 omnibus
2290 3206 2545 3268 collibus
2580 3204 2825 3288 exposi-

387 3300 562 3358 35tas
587 3295 842 3356 hostium
874 3295 1079 3376 copias
1104 3294 1369 3354 firmatas
1399 3292 1732 3373 conspexit.
1820 3289 2022 3372 Cujus
2054 3291 2175 3353 loci
2217 3292 2349 3352 haec
2393 3302 2521 3351 erat
2557 3302 2826 3351 naturae:

449 3427 495 3469 2.
528 3424 590 3470 Ee
625 3437 728 3469 cum
767 3422 838 3470 hia
867 3437 966 3470 una
1008 3422 1255 3482 Consiua]
1293 3422 1432 3467 Hunc
1468 3420 1575 3468 cum
1638 3421 1772 3467 dines
1796 3422 1841 3466 in
1865 3423 2003 3477 binis,
2020 3424 2166 3469 tomis
2187 3432 2235 3469 et
2253 3423 2510 3481 aliquando
2525 3422 2740 3481 pluribus
2756 3429 2829 3468 ta·
2915 3413 2919 3417 ⁴

389 3485 546 3530 multis
569 3486 628 3532 de
649 3484 822 3540 causis,
844 3494 942 3529 tum
960 3486 1020 3530 ob
1037 3485 1163 3530 hanc
1185 3482 1475 3542 potissimum
1494 3484 1575 3528 de·
1637 3483 1809 3530 balatis
1832 3485 2159 3540 consistentes,
2181 3484 2383 3543 spatium
2415 3484 2605 3531 navium
2627 3483 2831 3542 implere

321 3583 328 3584 ff
389 3547 520 3608 legit,
553 3545 677 3605 qubd
700 3544 865 3590 eadem
903 3543 1067 3604 lingua
1097 3544 1312 3590 Britanni
1336 3541 1428 3602 qua
1449 3543 1575 3589 Galli
1638 3545 1882 3591 solebant:
1915 3546 2058 3591 fuisse
2101 3554 2257 3591 autem
2300 3545 2543 3591 onerarias
2585 3559 2831 3590 remorum

389 3618 647 3653 uterentur.
711 3607 853 3652 Hunc
889 3607 1056 3652 eadem
1087 3607 1147 3652 de
1180 3620 1349 3652 caussa
1378 3620 1486 3651 cum
1508 3605 1573 3650 le·
1636 3614 1853 3664 expertes
1897 3606 2048 3652 innuit
2086 3607 2241 3654 Livius
2282 3606 2476 3654 decadis
2507 3620 2584 3654 ιιι.
2621 3606 2704 3651 lib.
2739 3619 2829 3652 vu.

424 3670 512 3715 atis
535 3670 582 3713 in
604 3668 898 3715 Britanniam
922 3668 1130 3723 remittit,
1153 3676 1203 3713 ut
1225 3667 1285 3713 sit
1307 3667 1572 3712 verisimile.
1633 3667 1786 3713 Nares
1897 3682 1920 3712 s
1940 3666 2113 3722 Livius,
2135 3667 2220 3716 tac.
2708 3727 2720 3739 .

389 3732 717 3852 „pifiqssiigii
724 3728 1573 3848 hffbttsstzffiffiffssssfflffmpss:
1633 3729 2269 3849 ωρὲωἶὲἕῶρξὶζηὲἴέ
2270 3744 2334 3836 '1⁰22’
2338 3728 2833 3836 fflfflffissffiz

388 3852 617 3898 tissimum
640 3867 741 3912 quae
760 3852 878 3898 mari
901 3852 1117 3909 proxima
1145 3859 1283 3898 esset.
1345 3852 1480 3904 Quod
1502 3850 1571 3895 in-
1633 3860 1780 3898 tatem
1826 3852 2164 3898 sententiarum
2207 3851 2318 3898 fecit
2331 3866 2346 3909 3
2390 3850 2621 3898 dissensio
2667 3860 2834 3897 autem

389 3913 465 3958 sra
479 3914 556 3959 lib.
576 3928 662 3961 vn.
681 3913 871 3972 legitur:
897 3912 1241 3960 immunitatem
1259 3913 1420 3958 datam
1439 3912 1574 3958 Atre·
1636 3912 1908 3959 servitutem
1931 3913 2192 3969 accersivit,
2207 3912 2315 3959 etim
2331 3928 2427 3958 non
2445 3911 2595 3958 solum
2684 3912 2787 3970 puli
2804 3910 2836 3959 ὸ

389 3975 593 4030 batibus,
615 3973 732 4019 nibil
768 3974 1058 4020 contrarium
1083 3981 1170 4030 est,
1200 3973 1326 4033 quod
1364 3973 1440 4020 hic
1462 3973 1576 4019 dici·
1636 3971 1839 4032 populis,
1879 3973 1925 4019 in
1948 3975 2120 4029 Gallia,
2159 3976 2242 4021 sed
2264 3971 2377 4035 pagi
2399 3972 2427 4020 ὲ
2447 3973 2587 4035 pagis
2644 3973 2835 4020 ‘menti-

389 4042 466 4080 tur
486 4038 614 4095 apud
636 4050 716 4081 eos
741 4050 822 4081 rex
840 4049 942 4082 esse
965 4035 1117 4081 sactus
1134 4036 1340 4081 Comius.
1403 4035 1575 4082 Immu-
1638 4042 1759 4092 rent,
1778 4044 1827 4081 ut
1848 4035 1958 4082 hinc
1980 4044 2129 4093 patet,
2151 4051 2349 4094 quorum
2372 4035 2562 4094 quidem
2596 4034 2775 4094 singuli
2807 4031 2839 4082 ὃ

389 4097 513 4142 nitas
535 4098 659 4143 enim
678 4097 760 4142 illa
781 4097 870 4142 suit
891 4095 920 4146 ὲ
940 4096 1123 4143 tributis
1145 4111 1254 4155 pop.
1277 4096 1334 4142 R.
1365 4098 1575 4156 pendeu-
1637 4097 1709 4143 sin
1747 4096 1833 4143 ulis
1855 4096 2053 4144 divisum
2070 4097 2315 4156 consilium
2338 4097 2424 4142 sibi
2443 4097 2717 4154 capiebant.

388 4157 479 4210 dis,
509 4173 603 4204 non
627 4174 657 4204 a
677 4157 921 4204 dominatu
943 4157 1088 4217 regio.
1550 4155 1555 4159 ’
1696 4113 1772 4208 ξι.
1806 4157 1863 4206 Iu
1884 4157 2143 4205 ulteriorem
2160 4161 2363 4218 portum,
2380 4155 2491 4219 δια]
2526 4155 2652 4205 ccum
2674 4158 2724 4202 in
2749 4155 2836 4202 illa

450 4221 523 4264 20.
554 4219 762 4266 Navibm
776 4217 952 4266 circ-ilar
973 4233 1112 4267 tux.
1128 4216 1386 4279 onerariis]
1421 4218 1576 4268 Mani·
1638 4234 1724 4266 ora
1740 4219 1926 4280 angusti
1948 4227 2106 4265 essent
2126 4225 2308 4277 portus,
2340 4227 2388 4265 et
2407 4219 2614 4278 plurium
2636 4215 2834 4266 navium

390 4278 558 4325 festum
581 4289 654 4326 est
673 4281 749 4326 hic
763 4280 1016 4327 discrimen
1031 4281 1154 4326 inter
1170 4280 1412 4326 onerarias
1426 4295 1572 4326 naves
1635 4280 1825 4326 minime
1847 4295 2065 4340 capaces,
2088 4279 2190 4326 illas
2222 4279 2271 4325 in
2291 4280 2453 4342 plures
2479 4289 2647 4344 portus
2671 4277 2833 4326 distri-

391 4345 440 4382 ct
457 4338 654 4397 longas:
687 4343 759 4387 hae
779 4342 917 4392 utiles
952 4342 1095 4399 bello,
1117 4343 1291 4399 passim
1329 4349 1467 4388 erant
1499 4342 1570 4387 bi·
1631 4342 1775 4387 buere
1798 4355 1989 4388 necesse
2012 4341 2116 4397 rsit,
2151 4342 2277 4390 unde
2312 4341 2458 4387 etiam
2498 4357 2608 4388 suos
2710 4339 2834 4385 uites

391 4409 544 4442 remes
565 4403 640 4446 vei
653 4403 884 4459 triremes,
907 4411 990 4450 aut
1004 4402 1214 4462 pluribus
1236 4403 1381 4452 etiam
1395 4403 1571 4449 ordini·
1633 4402 1812 4447 solvere
1825 4400 1984 4461 jussit.
2044 4400 2209 4450 Facile
2229 4404 2441 4464 adducor
2456 4411 2509 4448 ut
2524 4401 2653 4449 hunc
2720 4397 2834 4447 teri·

391 4457 481 4502 bus
495 4473 726 4508 remorum
747 4463 1003 4522 instructo,
1025 4471 1165 4523 atque
1187 4463 1307 4512 adeo
1328 4464 1572 4522 celeritate
1633 4476 1765 4508 orem
1786 4471 1974 4520 portum
1995 4464 2324 4512 Gessoriacum
2347 4465 2452 4511 e'sse
2474 4465 2689 4512 credam.

390 4522 695 4588 prestabant,
731 4537 831 4580 qua
869 4526 917 4573 in
957 4526 1174 4578 omnibus
1211 4525 1386 4585 proeliis
1409 4526 1570 4572 admo·
1691 4525 1768 4570 36.
1802 4519 2069 4585 firmatas]
2104 4526 2197 4576 Alii
2229 4523 2409 4578 habent
2443 4531 2681 4582 “maian
2724 4533 2832 4572 utra

392 4578 506 4647 dum
531 4587 695 4637 Juvat:
727 4583 816 4628 iuae
849 4600 1051 4648 capaces
1087 4585 1268 4634 tantum
1290 4594 1428 4640 erant
1449 4600 1570 4632 mer·
1632 4584 1797 4638 melior
1817 4584 1957 4632 lectio
1978 4585 2147 4636 viderit
2166 4585 2329 4648 lector.
2610 4586 2616 4594 ‘

392 4651 535 4695 cium,
555 4647 694 4700 atque
715 4643 836 4691 sees
853 4646 955 4694 sine
976 4647 1245 4707 remigium,
1277 4661 1475 4708 quotum
1494 4660 1570 4696 or·

1303 4917 1324 4952 Q
