3059 5050
376 286 501 346 378
758 316 767 325 ·
1401 280 1479 344 A.
1527 279 1820 344 HIRTII

462 449 573 489 suo
622 427 798 507 signo
848 428 1069 511 perisse
1118 428 1388 491 homines
1438 450 1617 491 xxxv.
1703 452 1898 514 neque
1945 430 2125 491 licere
2173 431 2383 492 castris
2413 429 2534 493 Cn.
2565 429 2894 515 Pompeii

462 514 747 587 nuntiari,
800 535 992 596 neque
1039 513 1157 574 dici
1206 516 1429 596 perisse
1474 532 1862 597 quemquam.
1960 516 2203 592 Servm,
2253 518 2425 598 cujus
2455 518 2749 579 dominus
2806 519 2892 578 in

465 599 735 659 Gaesaris
765 599 975 659 castris
1023 598 1245 674 fuisset,
1296 621 1673 681 uxoremque
1701 615 1760 663 et
1791 602 1980 663 filium
2013 602 2073 661 in
2105 602 2335 684 oppido
2368 600 2717 683 reliquerat,
2754 602 2892 662 do-

464 685 692 745 minum
714 683 1041 765 jugulavit,
1074 686 1246 745 etita
1292 685 1450 745 clam
1503 687 1540 746 a
1588 686 1858 748 Caesaris
1903 687 2198 769 proesidiis
2247 688 2308 746 in
2339 686 2620 770 Pompeii
2655 702 2892 748 eastra

381 772 418 830 5
466 770 752 845 discessit,
784 783 842 829 et
883 768 1170 830 indicium
1221 770 1444 851 glande
1494 773 1784 855 scriptum
1835 774 2011 847 misit,
2063 794 2169 854 per
2216 772 2379 853 quod
2423 775 2644 833 certior
2689 772 2890 833 fieret

467 854 705 929 Caesar,
734 876 872 934 quae
899 854 958 914 in
986 855 1216 937 oppido
1243 856 1321 916 ad
1347 856 1790 918 defendendum
1817 870 2332 939 compararentur.
2379 855 2494 932 lta,
2516 857 2735 918 litteris
2764 878 2885 918 ac-

466 941 672 1021 ceptis,
707 960 889 1020 quum
924 940 985 1001 in
1016 941 1307 1022 oppidum
1342 943 1562 1003 reversi
1593 956 1807 1019 essent,
1840 943 1942 1025 qui
1977 944 2207 1003 mittere
2238 942 2522 1021 glandem
2566 944 2884 1025 scriptam

467 1026 758 1099 solebant,
792 1026 1123 1106 insequenti
1159 1041 1428 1110 tempore
1475 1027 1599 1089 duo
1648 1026 1926 1089 Lusitani
1974 1027 2185 1088 fratres
2233 1023 2564 1108 transfugae
2613 1026 2885 1089 nuntia-

468 1124 621 1183 runt,
655 1131 838 1190 quam
870 1110 1202 1193 Pompeius
1230 1113 1587 1175 concionem
1614 1113 1956 1175 habuisset:
2002 1112 2290 1194 quoniam
2324 1113 2553 1195 oppido
2583 1113 2884 1174 subsidio

388 1198 588 1256 lOnon
621 1210 824 1277 posset
846 1196 1051 1256 venire
1084 1213 1268 1258 noctu
1297 1219 1375 1259 ex
1407 1198 1895 1259 adversariorum
1927 1212 2255 1281 conspectu
2286 1219 2348 1258 se
2378 1197 2758 1259 deducerent
2791 1198 2882 1259 ad

470 1300 633 1339 mare
665 1282 922 1342 versum.
1019 1279 1226 1342 Unum
1262 1284 1660 1365 respondisse,
1692 1296 1758 1345 ut
1799 1284 1999 1366 potius
2037 1283 2114 1344 ad
2164 1283 2575 1344 dimicandum
2609 1284 2880 1345 descen-

467 1366 698 1439 derent,
730 1366 911 1447 quam
945 1367 1185 1447 signum
1232 1368 1398 1446 sugae
1446 1370 1865 1429 ostenderentt
1925 1383 2070 1443 tum,
2115 1369 2218 1450 qui
2268 1368 2354 1428 ita
2399 1367 2636 1429 locutus
2683 1382 2878 1443 esset,

454 1450 827 1531 jugulatum.
916 1450 1156 1512 Eodem
1209 1467 1478 1535 tempore
1533 1454 1829 1515 tabellarii
1861 1454 1988 1534 ejus
2019 1454 2388 1535 deprehensi,
2422 1453 2525 1534 qui
2568 1453 2649 1514 ad
2679 1455 2880 1536 oppi-

468 1536 610 1596 dum
645 1536 986 1611 veniebant‚
1014 1558 1271 1618 quornm
1302 1538 1529 1599 litteras
1555 1537 1775 1599 Caesar
1799 1538 2123 1621 oppidanis
2153 1539 2392 1619 objecit,
2423 1552 2501 1615 et,
2532 1538 2636 1619 qui
2670 1540 2876 1599 vitam

392 1620 581 1680 15sibi
609 1622 1046 1703 peteret,jussit
1071 1635 1290 1685 turrem
1317 1622 1582 1703 ligneam
1609 1624 2058 1706 oppidanorum
2086 1624 2424 1685 incendere.
2499 1622 2570 1685 Id
2605 1624 2651 1683 si
2683 1623 2876 1685 fecis-

469 1722 576 1780 set,
625 1706 678 1767 ei
711 1728 773 1767 se
804 1707 1081 1788 promisit
1127 1709 1335 1769 omnia
1376 1726 1824 1770 concessurum.
1926 1706 2111 1789 Quod
2144 1708 2385 1770 difficile
2413 1721 2545 1770 erat
2574 1708 2771 1784 factu,
2807 1726 2876 1770 ut

469 1813 603 1851 eam
652 1792 862 1854 turrim
919 1793 1046 1854 sine
1093 1794 1363 1876 periculo
1411 1795 1545 1876 quis
1597 1795 1960 1856 incenderet.
2055 1792 2151 1854 Ita
2179 1794 2218 1829 ’θ
2247 1793 2514 1855 facturus
2560 1794 2639 1855 de
2687 1793 2874 1875 ligno

472 1898 655 1957 (pium
706 1877 958 1959 propius
1008 1879 1371 1955 accessisset,
1421 1881 1499 1940 ab
1548 1880 1871 1962 oppidanis
1918 1894 2007 1940 est
2048 1879 2302 1940 occisus.
2390 1876 2628 1940 Eadem
2679 1894 2876 1940 nocte

473 1962 786 2041 transfuga
817 1964 1134 2039 nuntiavit,
1167 1962 1528 2047 Pompeium
1562 1977 1621 2025 et
1650 1964 2012 2041 Labienum,
2061 1964 2137 2026 de
2171 1963 2559 2046 jugulatione
2596 1965 2872 2048 oppida-

389 2051 684 2108 20nornni
721 2049 1068 2127 indignatos
1098 2070 1244 2110 esse.

556 2131 737 2194 XIX.
788 2132 1020 2213 vigilia
1045 2135 1309 2196 secunda
1332 2148 1582 2217 propter
1628 2134 2066 2196 multitudinem
2123 2134 2378 2196 telorum
2421 2135 2600 2196 turris
2631 2134 2864 2217 lignea,

471 2238 610 2297 qua}
641 2232 847 2279 nostra
869 2219 1090 2295 luisset,
1124 2221 1203 2281 ab
1250 2219 1375 2280 imo
1418 2220 1629 2281 vitium
1661 2219 1840 2296 ¹fecit,
1890 2241 2079 2301 usque
2126 2220 2204 2281 ad
2255 2219 2590 2281 tabulatum
2633 2219 2867 2282 'secun-

471 2304 636 2377 «lum,
695 2318 756 2364 et
814 2305 1073 2366 tertium.
1162 2303 1401 2365 Eodem
1455 2318 1725 2389 tempore
1783 2326 1895 2387 pro
1944 2326 2119 2366 muro
2151 2319 2485 2387 pugnatum
2512 2305 2816 2367 acerrime
2847 2331 2865 2383 ς

470 2403 531 2448 et
576 2388 785 2449 turrim
833 2402 1121 2465 nostram,
1173 2403 1236 2451 ut
1279 2391 1672 2472 superiorem,
1717 2391 2148 2452 incenderunt:
2195 2391 2443 2465 idcirco,
2491 2390 2661 2472 quod
2719 2412 2866 2452 ven-

388 2478 596 2535 25tum
645 2474 936 2558 oppidani
989 2476 1321 2538 secundum
1374 2476 1732 2538 babuerunt.
1821 2474 2170 2557 Insequenti
2219 2475 2354 2538 luce
2403 2476 2864 2539 materfamilias

472 2559 548 2621 de
599 2581 773 2621 muro
811 2583 872 2622 se
915 2562 1154 2642 dejecit,
1190 2577 1249 2623 et
1279 2562 1357 2623 ad
1386 2584 1494 2622 nos
1533 2562 1833 2638 transiliit,
1865 2562 2157 2642 dixitque,
2190 2583 2253 2622 se
2282 2583 2418 2624 cum
2453 2561 2688 2623 familia
2717 2585 2863 2623 con-

472 2644 741 2705 stitutum
768 2646 1068 2721 habuisse,
1096 2660 1161 2707 ut
1188 2649 1310 2707 unit
1337 2646 1783 2727 transfugerent
1805 2647 1884 2708 ad
1911 2645 2224 2708 Caesarem
2253 2670 2271 2722 ς
2316 2648 2481 2708 illam
2509 2669 2859 2730 oppressam

471 2744 531 2789 et
546 2729 916 2809 jugulatam.
1006 2745 1031 2774 ὃ
1064 2729 1206 2792 Hoc
1234 2744 1525 2813 praeterea
1554 2745 1826 2813 tempore
1845 2731 2093 2793 tabellae
2117 2733 2194 2793 de
2226 2754 2401 2793 muro
2422 2747 2560 2794 sunt
2584 2734 2858 2814 dejeetae,

472 2813 535 2874 in
566 2815 784 2895 quibus
814 2815 1104 2898 scriptum
1124 2816 1541 2877 estinventum
1573 2837 1588 2875 t
1639 2815 1712 2877 L.
1739 2815 2047 2878 Minucius
2076 2816 2357 2879 Caesari:
2403 2818 2472 2878 Si
2503 2818 2652 2879 mibi
2675 2820 2856 2880 vitam

391 2899 708 2976 30tribuiS,
740 2901 1027 2982 quoniam
1057 2902 1093 2962 a
1114 2901 1234 2963 Cn.
1260 2901 1564 2985 Pompeio
1594 2923 1725 2963 sum
1753 2902 2038 2978 desertus,
2072 2902 2308 2984 qualem
2342 2925 2438 2964 me
2467 2902 2552 2963 illi
2586 2904 2857 2986 praestiti,

476 2985 581 3046 tali
608 2985 828 3048 virtute
859 3001 917 3047 et
946 2987 1287 3050 constantia
1318 2986 1583 3049 futurum
1617 2988 1793 3048 mein
1822 3001 1878 3056 te
1897 3009 2027 3048 esse
2049 2991 2373 3071 praestabo,
2445 2986 2689 3049 Eodem
2713 3007 2858 3049 tem·

476 3092 625 3152 pore
655 3072 1103 3155 oppidanorum
1134 3072 1339 3154 legati,
1362 3072 1463 3154 qui
1493 3087 1671 3136 antea
1694 3074 1986 3149 exierant,
2012 3072 2322 3134 Caesarem
2345 3075 2647 3142 adierunt,
2671 3075 2717 3134 si
2753 3075 2857 3134 sibi

476 3157 660 3219 vitam
694 3159 1070 3234 concederet,
1100 3181 1225 3220 sese
1256 3159 1586 3240 insequenti
1613 3160 1712 3221 die
1737 3158 2028 3242 oppidum
2054 3179 2182 3220 esse
2200 3158 2530 3220 dedituros
2623 3158 2858 3241 Quibus

477 3244 805 3324 respondit,
838 3265 901 3303 se
926 3242 1241 3305 Caesarem
1273 3265 1420 3320 esse,
1448 3244 1749 3325 fidemque
1770 3256 2215 3327 praestaturum.
2304 3241 2400 3306 Ita
2420 3257 2561 3305 ante
2585 3245 2748 3306 diem
2775 3267 2854 3306 xi.

394 3326 740 3389 235Kalend.
769 3326 977 3389 Martii
1010 3329 1243 3411 oppido
1274 3329 1519 3410 potitus,
1551 3328 1895 3412 imperator
1922 3341 2010 3389 est
2040 3328 2399 3412 appellatus·

560 3410 709 3473 XX.
756 3412 843 3473 Et
892 3412 1244 3495 PompeiuS,
1289 3435 1365 3474 ex
1442 3412 1675 3495 refugis
1723 3435 1908 3495 quum
1961 3414 2329 3475 deditionem
2379 3413 2590 3498 oppidi
2643 3414 2856 3476 factam

477 3517 603 3558 esse
635 3498 861 3573 scisset,
894 3512 1095 3560 castra
1122 3499 1311 3559 movit
1404 3498 1606 3559 cubim
1632 3501 1859 3560 versus
1951 3497 2075 3561 Sed
2102 3499 2326 3561 circum
2353 3521 2426 3561 ea
2447 3499 2585 3561 loca
2615 3499 2858 3561 castella

476 3583 793 3666 disposuit,
820 3597 879 3644 et
906 3583 1337 3648 munitionibus
1368 3605 1429 3644 se
1460 3584 1769 3645 continere
1822 3585 2026 3668 eoepit.
2116 3584 2336 3646 Caesar
2366 3585 2573 3660 movit,
2619 3601 2680 3646 et
2726 3605 2855 3667 pro-

478 3668 611 3751 pius
643 3683 840 3730 castra
870 3669 1081 3730 castris
1111 3667 1382 3730 contulit.
1470 3666 1712 3730 Eodem
1760 3684 2027 3752 tempore
2075 3691 2250 3731 mane
2281 3669 2569 3731 loricatus
2603 3690 2760 3731 unus
2786 3691 2856 3730 ex

390 3753 717 3836 401egione
750 3753 1075 3815 vernacula
1100 3755 1178 3815 ad
1210 3775 1319 3815 nos
1346 3753 1690 3837 transfugit,
1716 3768 1773 3816 et
1803 3755 2104 3817 nuntiavit
2127 3739 2490 3838 Pompeium
2517 3755 2860 3839 oppidanos

922 3948 951 3979 a
984 3933 1180 3996 Insuper
1201 3932 1283 3980 ino
1304 3936 1505 3996 ternpore
1528 3931 1689 3980 liueroe
1712 3938 1817 3980 suri!
1834 3932 1978 3981 mina:
1996 3931 2053 3979 de
2071 3932 2306 3981 mnibus.

458 4074 497 4119 l.
524 4073 618 4119 Suo
631 4070 766 4133 signo
782 4070 989 4133 perissa]
1030 4073 1190 4119 Livius
1212 4074 1299 4119 sub
1315 4071 1490 4119 vexillo
1507 4087 1591 4120 seu
1720 4071 1789 4118 lb.
1812 4071 1905 4130 Qui
1925 4071 2070 4119 vitum
2088 4072 2178 4119 sibi
2193 4072 2403 4134 patena]
2469 4071 2694 4132 Aliquem
2714 4089 2775 4119 ex
2797 4083 2856 4120 ta—

393 4137 530 4197 signo
564 4134 789 4192 scriptum
814 4134 1002 4193 reliquit
1036 4137 1181 4181 fuisse
1204 4148 1378 4182 ccxxx.
1402 4135 1593 4190 milites,
1656 4134 1882 4181 bellai-iis.

393 4198 731 4255 posterioribus
766 4196 880 4242 vero
918 4199 1209 4254 temporibus
1246 4211 1384 4242 suum
1421 4198 1594 4256 cuique
1723 4198 1796 4244 17.
1833 4197 1902 4243 aa
1925 4199 1949 4222 '⁵
1960 4195 2178 4258 secturus
2197 4195 2254 4241 dc
2276 4193 2448 4256 ligno]
2492 4195 2692 4242 Lacuna
2715 4198 2854 4244 mnni-

392 4260 617 4306 centuriae
660 4259 748 4306 fuit
784 4258 1009 4305 vexillum
1052 4274 1136 4305 seu
1178 4259 1381 4320 signum.
1458 4259 1593 4305 Idem
1657 4260 1794 4305 festa.
1857 4257 2177 4315 Manuscripti
2206 4259 2302 4303 duo
2332 4257 2522 4303 codices
2555 4259 2748 4305 'thuani
2780 4261 2852 4305 ha·

393 4336 510 4382 ergo
528 4322 669 4376 (uerit
691 4322 849 4368 dicere
868 4335 951 4368 suo
971 4320 1104 4381 siguo
1119 4321 1194 4367 vel
1215 4335 1299 4368 sua
1319 4321 1545 4368 centuria.
1656 4324 1798 4367 beat:
1835 4319 1908 4367 Ita
1918 4319 2040 4383 fune
2063 4333 2192 4366 crure
2215 4318 2271 4366 de
2293 4318 2438 4379 ligno.
2487 4318 2598 4377 1330
2619 4320 2729 4382 lego
2750 4321 2852 4369 dela·-

462 4385 532 4430 lo.
562 4384 715 4430 Noctu
737 4396 793 4430 ex
814 4383 1182 4431 adversariorum
1201 4387 1456 4444 conspeetu,
1484 4382 1593 4444 δια]
1654 4389 1779 4445 galo.
1843 4384 1918 4430 Ne
1940 4383 2064 4430 enim
2089 4383 2137 4430 in
2160 4383 2326 4428 urbem
2349 4383 2551 4441 sugeret,
2573 4382 2720 4443 longo
2749 4386 2851 4429 sune

394 4445 468 4490 Ne
492 4445 579 4489 sibi
602 4446 823 4491 dedecori
846 4454 987 4501 esset,
1020 4446 1059 4490 si
1094 4461 1145 4492 se
1176 4455 1429 4505 praesente,
1462 4447 1596 4504 oppi-
1661 4446 1923 4492 cie-ariani
1945 4460 2054 4493 crus
2079 4445 2350 4491 vinxerant.

393 4506 508 4549 dum
527 4504 554 4549 a
577 4506 768 4552 Caesare
788 4517 1055 4564 caperetur.
1721 4509 1796 4554 27.
1829 4507 1968 4554 IIIa-m
1985 4520 2240 4567 oppressam
2261 4511 2300 4550 el
2313 4504 2633 4568 jugulatam]
2649 4508 2767 4560 Quin
2783 4521 2850 4553 τω

461 4566 532 4611 14.
549 4607 555 4612 .
572 4567 780 4621 Quorum
811 4569 983 4616 litteras
1016 4573 1171 4616 Caesar
1200 4568 1448 4633 oppidanis
1476 4569 1599 4631 obje-
1661 4571 1820 4615 fuerat
1842 4572 1902 4614 ab
1926 4570 2181 4626 oppidanis
2204 4569 2415 4620 cognita.

394 4626 490 4685 cit]
540 4626 773 4676 Quoniam
797 4632 859 4675 ad
881 4631 1263 4689 desperationem
1287 4634 1411 4678 sorte
1432 4632 1595 4692 adige-
1721 4633 1797 4677 34.
1816 4632 1872 4676 Se
1889 4631 2116 4678 Caesarem
2130 4623 2847 4692 eeseffidemqflepraeslalm]

392 4689 527 4740 hant,
550 4700 644 4729 non
663 4690 721 4730 ad
746 4702 878 4745 spem
897 4693 1159 4749 erigebant.
1659 4692 1793 4752 Ergo
1813 4694 2101 4752 promiserat
2121 4691 2214 4740 illi-s
2235 4693 2455 4741 sulutem.
