3059 5050
320 243 400 305 56
522 334 544 353 Ι
1093 237 1217 303 DE
1260 238 1563 304 BELLO
1601 239 1999 305 GALLICO

408 400 505 449 tus
529 400 624 449 est
661 374 766 468 qui
840 408 1003 463 uam,
1032 387 1159 468 qui,
1182 408 1257 448 eo
1274 387 1590 451 interfecto
1617 389 1789 471 cujus
1830 410 1894 451 se
1920 386 2205 450 amicitiai
2225 386 2583 465 devovisset,
2612 408 2780 452 mon

411 486 731 534 recusaret.
848 493 945 534 um
972 472 1063 532 his
1085 470 1567 535 Adcantuannus
1584 473 1960 555 eruptionem
1991 472 2186 534 facere
2203 485 2477 547 conatus,
2508 472 2783 535 clamore

412 557 492 618 ab
522 557 595 617 ea
624 570 793 639 parte
824 555 1172 619 munitionis
1201 556 1459 633 sublate,
1490 578 1676 640 quum
1709 558 1786 619 ad
1831 576 2002 618 arma
2049 555 2263 619 milites
2312 558 2781 632 concurrissent,

411 642 908 722 vehementerque
928 641 1012 701 ibi
1037 654 1372 722 pugnatum
1398 653 1569 718 esset,
1591 641 1862 725 repulsus
1886 644 1948 702 in
1979 641 2272 723 oppidum
2293 653 2424 701 est:
2470 639 2554 702 uti
2575 655 2784 703 tamen

332 729 370 786 5
413 724 621 787 eadem
654 724 973 785 deditionis
1001 724 1349 786 conditione
1379 738 1660 802 uteretur,
1693 727 1730 787 a
1754 725 1982 787 Crasso
2011 724 2373 807 impetravit.

498 806 743 870 XXIII.
790 807 995 870 Armis
1025 809 1337 870 obsidibus
1382 832 1455 871 ue
1486 810 1768 910 acceptis,
1799 808 2059 871 Crassus
2089 812 2151 870 in
2184 809 2334 870 fines
2362 807 2692 870 Vocatium
2721 824 2786 871 et

413 890 806 954 Tarusatium
832 891 1134 975 profectus
1162 906 1269 955 est.
1389 916 1490 956 um
1516 915 1659 955 vero
1688 896 1928 956 barbari
1955 895 2264 969 commoti,
2289 893 2454 973 quod
2482 894 2784 976 oppidum

413 990 474 1038 et
500 976 718 1039 natura
744 976 863 1038 loci
895 990 953 1038 et
984 998 1165 1040 manu
1198 980 1513 1054 munitum,
1540 979 1751 1061 paucis
1778 979 2010 1054 diebus,
2036 979 2254 1060 quibus
2283 977 2622 1040 eo'ventum
2656 977 2792 1040 sue·

413 1074 527 1137 rat,
557 1081 633 1121 ex
681 1076 973 1142 ugnatum
999 1077 1436 1143 cognoverant,
1483 1063 1718 1143 legatos
1746 1083 2199 1144 quoquoversus
2229 1063 2548 1137 dimittere,
2571 1064 2793 1143 conjn-

336 1148 568 1221 lorare,
594 1081 832 1209 obsides
862 1147 1015 1208 inter
1043 1168 1107 1208 se
1130 1146 1295 1223 dare,
1316 1148 1524 1230 copias
1548 1168 1765 1231 parare
1782 1160 2112 1230 coeperunt.
2157 1145 2484 1208 Mittuntur
2505 1147 2683 1207 etiam
2709 1148 2792 1208 ad

415 1249 519 1291 eas
547 1228 818 1292 civitates
847 1229 1053 1311 legati,
1086 1244 1393 1312 quaesunt
1415 1232 1711 1293 citerioris
1737 1230 2075 1315 Hispaniae‚
2107 1230 2384 1292 finitimae
2403 1230 2796 1312 Aquitaniae:

415 1313 556 1374 inde
582 1315 813 1375 auxilia
842 1314 1144 1396 ducesque
1170 1329 1587 1393 accersuntur3
1618 1336 1876 1395 quorum
1909 1317 2189 1390 adventu,
2221 1315 2449 1395 magni
2472 1336 2612 1375 cum
2644 1336 2796 1376 auc-

416 1398 679 1474 toritate‚
710 1413 769 1460 et
800 1388 1026 1480 magnii
1055 1421 1189 1460 cum
1224 1399 1535 1461 hominum
1568 1400 1948 1461 multitudine
1981 1399 2200 1461 bellum
2233 1419 2442 1479 gerere
2471 1416 2793 1461 conantur.

417 1480 625 1543 Duces
657 1482 803 1544 vero
836 1483 877 1543 ii
909 1482 1276 1564 deliguntur,
1322 1483 1425 1564 qui
1472 1484 1593 1547 una
1615 1505 1754 1544 cum
1785 1482 1867 1564 Q.
1900 1484 2173 1545 Sertorio
2203 1503 2413 1544 omnes
2441 1503 2636 1545 annos
2665 1484 2797 1544 sue-

340 1569 585 1645 l5rant3
632 1587 1050 1649 summamque
1084 1569 1393 1629 scientiam
1443 1568 1529 1628 rei
1575 1567 1850 1628 militaris
1879 1568 2102 1629 habere
2130 1568 2651 1630 existimabantur.
2737 1567 2794 1629 li

416 1652 848 1713 consuetudine
878 1651 1088 1736 populi
1120 1651 1202 1713 R.
1233 1652 1373 1714 loca
1402 1673 1638 1735 capere,
1668 1667 1866 1713 castra
1897 1653 2148 1728 munire,
2177 1651 2618 1713 commeatibus
2649 1672 2798 1713 nos-

415 1749 540 1797 tros
570 1734 964 1799 intercludere
995 1736 1328 1799 instituunt.
1398 1735 1588 1817 Quod
1613 1737 1714 1797 ubi
1746 1736 2006 1797 Crassus
2048 1736 2488 1811 animadvertit,
2519 1756 2659 1797 snas
2688 1757 2795 1796 co-

416 1820 550 1904 pias
578 1834 827 1905 propter
844 1821 1235 1903 exiguitatem
1257 1842 1378 1884 non
1404 1820 1583 1883 facile
1603 1821 1829 1897 diduci,
1857 1821 2084 1882 hostem
2105 1834 2168 1881 et
2187 1820 2423 1901 vagari,
2446 1834 2508 1881 et
2528 1822 2659 1881 vias
2683 1823 2796 1881 ob-

419 1905 631 1982 sidere,
655 1920 716 1968 et
742 1906 953 1969 castris
984 1903 1124 1967 satis
1154 1906 1421 1989 proesidii
1452 1906 1807 1986 relinquere,
1833 1907 1914 1966 ob
1938 1926 2069 1966 eam
2102 1925 2375 1966 caussam
2411 1905 2606 1965 minus
2625 1925 2798 1965 com-

334 1990 602 2052 20mode
647 1990 1007 2054 frumentum
1054 2005 1584 2070 commeatumque
1613 1990 1722 2050 sibi
1754 1990 2115 2071 supportari,
2147 1989 2208 2049 in
2238 1988 2366 2050 dies
2389 1988 2650 2050 hostium
2683 2010 2800 2049 nu-

419 2095 649 2137 merum
682 2075 891 2156 augeri
922 2097 937 2135 ε
982 2094 1105 2135 non
1135 2074 1540 2134 cunctandum
1566 2073 1950 2149 existimavit,
1996 2074 2142 2154 quin
2193 2073 2402 2156 pugna
2443 2073 2796 2134 decertaret.

418 2155 558 2219 Hac
578 2178 643 2218 re
663 2158 741 2218 ad
760 2157 1084 2218 concilium
1112 2156 1332 2230 delata,
1362 2156 1461 2216 ubi
1484 2176 1694 2217 omnes
1718 2156 1876 2217 idem
1908 2160 2125 2219 sentire
2154 2156 2465 2233 intellexit,
2486 2170 2796 2239 posterum

419 2240 578 2301 diem
655 2261 691 2298 u
870 2239 1194 2300 constituit.

501 2261 749 2384 Χὶὲῐό.
794 2321 1007 2385 Prima
1043 2322 1177 2385 luce
1205 2323 1514 2407 productis
1546 2323 1824 2386 omnibus
1849 2325 2060 2407 copiis,
2091 2326 2317 2409 duplici
2349 2327 2480 2387 acie
2506 2324 2801 2399 instituti,

336 2405 661 2469 25auxiliis
691 2407 753 2469 in
789 2407 1048 2470 mediam
1077 2408 1266 2470 aciem
1300 2409 1608 2490 conjectis,
1639 2410 1786 2491 quid
1838 2410 2038 2471 hostes
2081 2410 2322 2473 consilii
2351 2424 2656 2492 caperent,
2688 2430 2798 2470 ex-

421 2493 750 2575 spectabat.
836 2490 956 2570 Illi,
987 2492 1094 2555 etsi
1146 2508 1393 2577 propter
1440 2492 1902 2571 multitudinem,
1931 2509 1990 2555 et
2041 2508 2295 2557 veterem
2337 2495 2482 2557 belli
2513 2494 2800 2575 gloriam,

420 2576 907 2661 paucitatemque
930 2593 1294 2654 nostrorum,
1320 2600 1382 2639 se
1407 2578 1535 2639 tuto
1561 2578 1952 2642 dimicaturos
1974 2579 2400 2641 existimabant
2420 2602 2438 2639 t
2482 2593 2685 2644 tamen
2703 2593 2802 2640 tu·

422 2662 539 2722 tius
562 2681 690 2724 esse
711 2663 1180 2738 arbitrabantur,
1207 2662 1461 2734 obsessis
1481 2662 1613 2739 viis,
1634 2678 1978 2725 commeatu
2001 2663 2341 2739 intercluso,
2363 2663 2490 2723 sine
2515 2662 2640 2724 ullo
2663 2663 2803 2724 vul-

423 2767 565 2807 nere
592 2746 852 2808 victoria
877 2747 1098 2831 potiri:
1143 2762 1203 2809 et
1245 2746 1313 2822 si,
1354 2761 1601 2830 propter
1651 2748 1918 2831 inopiam
1951 2749 2036 2808 rei
2069 2747 2493 2822 frumentariae‚
2525 2745 2800 2808 Romani

340 2833 550 2893 30oeoe
578 2831 844 2914 recipere
885 2832 1222 2914 coepissent,
1276 2832 1598 2915 impeditos
1643 2832 1904 2912 agmine,
1953 2845 2012 2892 et
2052 2833 2163 2893 sub
2193 2831 2442 2893 sta-cinis
2486 2832 2802 2893 inferiores

422 2915 648 2992 anime,
681 2916 905 2978 adoriri
937 2916 1310 2998 cogitabant.
1399 2914 1542 2979 Hoc
1567 2916 1824 2978 consilio
1848 2918 2108 2999 probato
2132 2918 2209 2976 ab
2235 2916 2508 2991 ducibuS,
2535 2917 2800 2999 produc-

423 3000 497 3062 tis
526 2998 950 3063 Romanorum
983 3003 1193 3085 copiiS,
1228 3023 1354 3064 sese
1384 3000 1594 3063 castris
1623 3003 1924 3063 tenebant.
2014 3000 2150 3061 Hac
2182 3022 2245 3061 re
2274 3000 2586 3083 perspecta
2611 2999 2804 3061 Cras-

423 3107 542 3163 suS,
590 3107 778 3169 quum
832 3087 941 3148 sua
968 3088 1353 3149 cunctatione
1398 3097 1579 3167 atque
1609 3086 1914 3168 opinione,
1955 3085 2283 3146 timidiores
2313 3085 2530 3161 hostes,
2563 3097 2799 3145 nostros

422 3170 638 3233 milites
669 3171 992 3233 alacriores
1023 3171 1100 3232 ad
1131 3170 1528 3269 pugnandum
1557 3169 1861 3245 effecisset,
1909 3183 2089 3250 atque
2119 3166 2388 3230 omnium
2413 3190 2596 3230 voces
2624 3170 2796 3230 audi-

340 3259 647 3331 35rentur,
678 3255 985 3339 expectari
1013 3256 1235 3317 diutius
1261 3276 1383 3316 non
1415 3267 1712 3335 oportere,
1744 3254 1889 3334 quin
1921 3253 1998 3314 ad
2029 3266 2228 3314 castra
2251 3254 2471 3330 iretur3
2515 3254 2799 3315 cohorta-

421 3352 518 3401 tus
548 3360 706 3414 snoS,
738 3340 1021 3402 omnibus
1050 3338 1448 3421 cupientibuS,
1481 3337 1560 3398 ad
1591 3336 1851 3398 hostium
1883 3351 2082 3399 castra
2110 3338 2435 3400 contendit.

506 3419 718 3484 XXV.
763 3420 860 3483 Ibi
909 3443 1094 3503 quum
1128 3421 1231 3481 alii
1265 3420 1455 3482 fossas
1485 3420 1875 3503 complerent,
1908 3421 2010 3482 alii
2062 3422 2263 3483 multis
2315 3421 2446 3484 telis
2490 3422 2798 3504 conjectis»,

423 3504 762 3568 defensores
791 3504 955 3567 vallo
986 3504 1540 3588 munitionibusque
1570 3504 1954 3588 depellerent,
1980 3506 2438 3590 auxiliaresque,
2470 3506 2690 3589 quibus
2718 3506 2800 3568 ad

446 3626 453 3633 a

399 3689 445 3737 ⁶.
491 3689 555 3739 In
655 3703 700 3735 es
727 3687 968 3737 Vocatium
989 3693 1031 3736 et
1062 3688 1397 3751 Tarusatium]
1447 3689 1541 3736 Vo·
1604 3688 1806 3737 Barbari
1828 3691 1954 3737 enim
1977 3691 2024 3737 in
2042 3692 2215 3737 virtute
2237 3690 2398 3737 omnia
2417 3688 2576 3748 posita
2597 3689 2796 3737 arbitra·

338 3759 470 3798 cates
493 3761 543 3796 et
562 3752 576 3766 '
606 3759 822 3798 arusates
844 3750 1139 3811 ignorantur.
1604 3752 1656 3808 ti,
1672 3753 1942 3812 laborisque
1979 3753 2295 3811 impatientes,
2319 3767 2415 3798 non
2436 3760 2597 3798 castra
2617 3752 2804 3799 munie—

405 3814 477 3859 11.
514 3811 1047 3875 CiteriorisH'upmu‘aeJ
1080 3812 1286 3860 Romani
1303 3815 1540 3862 devictam
1603 3816 1737 3870 bant,
1770 3816 1855 3861 sed
1897 3815 2154 3875 evestigio,
2196 3815 2235 3861 si
2278 3816 2419 3872 copia
2454 3823 2596 3870 esset,
2626 3828 2800 3860 manus

338 3873 369 3922 a
388 3889 439 3922 se
464 3875 750 3935 Hispaniam
784 3876 832 3921 in
871 3874 1156 3921 Citeriorem
1184 3884 1234 3923 et
1257 3876 1540 3923 Ulteriorem
1602 3878 1926 3924 conserebant.
1989 3876 2194 3922 Romani
2245 3874 2372 3930 vero,
2415 3876 2604 3922 tametsi
2647 3877 2800 3933 copiis

339 3937 614 3984 diviserant.
1602 3942 1918 3993 abundarent,
1949 3938 2056 3985 loca
2091 3940 2265 3985 idonea
2300 3939 2468 3984 castris
2506 3937 2799 3997 deligebant,

403 4000 476 4046 14.
514 3999 634 4046 Cum
661 3999 715 4058 Q.
741 3997 976 4072 Sertorio]
1009 4000 1066 4052 Q.
1090 3998 1328 4047 Sertorius
1362 4000 1539 4047 bellum
1602 4001 1650 4047 in
1677 4002 1730 4047 iis
1773 4011 1932 4048 castra
1968 4001 2124 4059 posita
2160 4000 2452 4053 muniebant,
2486 4000 2636 4058 iisque
2679 4002 2798 4046 satis

337 4061 475 4107 civile
488 4062 660 4108 multos
674 4074 827 4109 annos
842 4061 891 4106 in
907 4060 1146 4119 Hispania
1158 4072 1388 4121 gesserat,
1402 4061 1541 4121 eique
1603 4078 1782 4124 magno
1804 4062 2022 4122 praesidio
2043 4063 2280 4122 imposito,
2303 4062 2484 4121 equites
2502 4077 2798 4121 quoquover-

338 4123 515 4170 bellnm
553 4123 756 4184 gerenti,
779 4124 879 4169 haec
902 4123 1170 4182 Aquitaniae
1193 4139 1322 4183 pars,
1346 4133 1398 4170 ut
1418 4137 1538 4182 prae-
1603 4140 1706 4172 sum
1723 4126 2042 4181 dimittebant,
2078 4126 2158 4185 qni
2194 4126 2354 4171 hostes
2377 4132 2647 4170 commeatu
2684 4137 2795 4181 pro-

337 4185 517 4231 dictum
532 4196 622 4242 est,
657 4187 867 4232 faverat:
902 4186 1030 4244 quod
1051 4184 1227 4232 bellum
1250 4184 1375 4246 agre
1394 4184 1423 4232 a
1445 4185 1536 4232 Cn.
1600 4186 1832 4234 biberent.

337 4245 569 4305 Pompeio
589 4257 638 4295 et
653 4248 852 4296 Metello
874 4246 962 4293 suit
983 4248 1269 4294 confectum.
1334 4248 1537 4294 Sertori·
1660 4251 1738 4294 25.
1782 4246 1989 4294 maxime
2025 4247 2080 4295 in
2112 4248 2312 4296 mediam
2351 4248 2498 4296 aciem
2539 4246 2795 4310 eviiij]

337 4323 394 4355 us
414 4309 589 4355 dicitm·
618 4309 648 4357 ἐι
678 4311 851 4358 Floroz
894 4309 978 4356 Vir
996 4323 1182 4357 summe
1219 4307 1422 4370 quadem,
1457 4308 1538 4355 sed
1599 4308 1789 4356 Auxilia
1811 4310 1888 4354 hic
1909 4317 2080 4355 contra
2116 4324 2297 4356 morem
2328 4311 2516 4357 solitum
2553 4309 2603 4353 in
2635 4310 2796 4355 media

336 4369 613 4418 calamitosa
648 4371 849 4420 νιν-ἰωὴ.
911 4371 986 4418 De
1023 4387 1082 4418 eo
1116 4372 1224 4432 lege
1262 4373 1391 4430 apud
1424 4372 1535 4417 Plu·
1599 4372 1701 4417 acie
1723 4371 1866 4426 locat,
1889 4385 1983 4428 quo
2004 4386 2104 4427 eos,
2125 4371 2307 4432 quibus,
2328 4380 2380 4417 ut
2395 4371 2523 4418 infra
2541 4372 2795 4425 videbitur,

336 4432 573 4488 archum,
594 4434 675 4491 qni
692 4434 796 4495 ejus
812 4435 959 4483 vitam
974 4434 1179 4493 scripsit,
1195 4441 1243 4480 et
1261 4434 1536 4493 Appianum
1597 4433 1661 4479 ad
1694 4446 1908 4493 pugnam
1941 4445 2041 4480 non
2070 4433 2269 4481 multum
2305 4432 2578 4497 confidebat,
2616 4432 2664 4478 in
2697 4433 2796 4478 fine

334 4494 418 4542 lib.
438 4508 470 4540 ι.
485 4495 546 4540 de
567 4495 704 4541 bellis
719 4495 947 4543 civilibus.
1597 4495 1892 4541 contineret:
1926 4493 2042 4542 alies
2058 4495 2293 4557 ejusmodi
2310 4495 2492 4543 auxilia
2511 4495 2560 4540 in
2583 4494 2673 4540 alis
2693 4494 2794 4541 col-

402 4557 472 4604 16.
526 4555 572 4601 [ἱ
619 4558 943 4604 mansetudine
984 4558 1155 4621 populi
1198 4555 1279 4619 R]
1335 4557 1539 4605 Diversa
1597 4556 1746 4606 locari
1763 4554 1993 4603 solebant.

336 4625 474 4667 erant
503 4615 828 4664 Romanorum
861 4627 910 4664 et
940 4619 1261 4668 Barbarorum
1308 4620 1536 4666 instituta.
