3059 5050
798 228 924 294 DE
967 228 1272 294 BELLO
1318 224 1780 294 AFRICANO
1823 223 2121 291 LIBER.
2558 228 2682 293 845

223 387 457 465 busque
484 378 566 443 ad
589 376 905 442 Caesarem
932 400 1146 441 venere
1166 401 1185 458 3
1230 391 1575 460 quantaque
1597 376 1778 460 copia
1803 375 2082 437 frumenti
2103 373 2267 458 apud
2291 393 2354 436 se
2377 373 2471 450 sit,
2491 373 2605 437 do·
2634 446 2642 454 ⁶

229 482 402 546 cent3
447 464 742 547 simulque
772 478 970 539 orant,
1000 479 1066 525 ut
1094 464 1207 525 sibi
1237 465 1585 547 praesidium
1619 462 1833 537 mittat,
1854 481 1977 541 quo
2001 460 2235 523 facilius
2258 474 2320 522 et
2342 460 2604 521 frumen·-
2632 468 2641 489 ⁴

228 567 355 617 tum
373 567 433 614 et
459 552 660 634 copiae
692 570 820 611 suae
849 563 1297 610 conserventur.
1385 546 1625 630 Quibus
1655 544 1872 608 Caesar
1900 545 1962 606 in
2008 545 2332 628 praeseutia
2374 544 2604 627 gratias

174 672 183 683 ·
230 638 394 721 agit3
424 635 897 720 praesidiumque
920 634 1088 695 brevi
1113 649 1380 778 oemssore
1400 654 1461 695 se
1482 632 1798 693 missurum
1819 629 2003 708 dicit3
2032 631 2501 712 cohortatusque
2525 629 2604 691 ad

230 744 369 786 suos
399 723 563 784 cives
597 722 778 803 jubet
806 719 1129 803 proficisci.
1276 763 1291 778 .
1336 717 1524 778 Sitius
1572 716 1806 778 iuterim
1855 735 1993 776 cum
2046 715 2237 797 copiis
2288 714 2603 776 Numidiae
2646 717 2686 773 5

230 808 380 870 fines
409 808 738 888 ingressus,
767 803 1015 866 castello
1043 804 1107 865 in
1137 802 1354 864 montis
1406 801 1548 863 loco
1578 801 1812 863 munito
1863 799 2088 875 locate,
2134 799 2198 860 in
2246 801 2410 879 quod
2439 798 2478 860 J
2485 801 2608 863 uba

226 892 375 956 belli
404 891 659 974 gerendi
689 888 887 972 gratia
914 899 973 950 et
994 887 1377 963 frumentum,
1401 900 1461 948 et
1512 907 1608 947 res
1637 899 1912 961 caeterus,
1943 905 2083 966 quae
2108 883 2187 946 ad
2218 882 2439 944 bellum
2471 883 2605 945 usui

231 977 429 1039 solent
455 996 604 1052 esse,
635 985 1135 1056 comportaverat,
1166 971 1225 1032 vi
1255 971 1673 1054 expugnando
1703 982 1790 1032 est
1814 970 2057 1053 potitus,

319 1057 661 1123 XXXVII.
710 1057 943 1133 Caesar,
991 1072 1311 1140 postquam
1353 1056 1699 1138 legionibus
1739 1054 2037 1117 veteranis
2083 1074 2159 1117 ιι.
2205 1053 2472 1135 equitatu
2521 1051 2606 1114 le-

232 1145 414 1228 vique
445 1142 746 1207 armatura
774 1142 984 1224 copias
1029 1163 1167 1202 suas
1196 1162 1275 1203 ex
1305 1142 1572 1204 secundo
1619 1152 1960 1202 commeatu
1989 1151 2259 1215 auxerat,
2289 1158 2473 1200 naves
2515 1142 2692 1200 vulo

233 1231 540 1293 onerarias
568 1227 765 1290 statim
803 1226 987 1307 jubet
1015 1225 1365 1308 Lilybaeum
1399 1226 1478 1288 ad
1509 1225 1804 1309 reliquum
1835 1225 2164 1287 exercitum
2195 1235 2608 1307 transportan-

229 1316 375 1378 dum
397 1313 701 1398 proficisci
724 1333 742 1373 ε
787 1312 918 1396 ipse
946 1332 1035 1374 w.
1060 1309 1204 1373 Kal.
1235 1309 1420 1373 Febr.
1451 1311 1692 1373 circiter
1719 1309 1933 1392 vigilia
1962 1308 2162 1393 prima
2189 1309 2443 1392 imperat
2471 1327 2606 1391 spe-

227 1400 526 1464 culatores
546 1397 1046 1482 apparitoresque
1064 1416 1274 1457 omnes
1299 1409 1365 1458 ut
1386 1396 1499 1458 sibi
1526 1395 1749 1479 praesto
1774 1408 1988 1457 essent.
2074 1392 2307 1475 Itaque,
2328 1393 2612 1456 omnibus

225 1483 449 1561 insciis,
474 1504 673 1565 neque
703 1481 1166 1564 suspicantibuS,
1195 1480 1408 1563 vigilia
1439 1482 1614 1543 tertia
1630 1482 1807 1561 jubet
1836 1500 2043 1541 omnes
2073 1478 2344 1559 legiones
2373 1499 2450 1540 ex
2474 1498 2610 1539 cas·-

223 1570 330 1632 tris
361 1567 562 1645 educi,
594 1581 777 1648 atque
800 1587 863 1628 se
892 1566 1176 1648 consequi
1204 1566 1281 1628 ad
1308 1567 1602 1649 oppidum
1632 1564 1973 1648 Ruspinam
2001 1563 2226 1641 versuti,
2246 1563 2310 1625 in
2333 1584 2456 1645 quo
2481 1563 2690 1646 ipsel5

223 1654 584 1740 praesidium
614 1652 845 1729 habuit,
875 1663 935 1713 et
965 1651 1130 1735 quod
1158 1652 1420 1735 primum
1469 1651 1548 1713 ad
1580 1651 1908 1712 amicitiam
1938 1650 2066 1730 ejus
2096 1648 2385 1717 accessit„
2454 1646 2608 1710 Inde

225 1737 547 1824 parvulam
572 1735 1015 1821 proclivitatem
1035 1736 1361 1817 dign-essm,
1391 1735 1631 1801 sinistra
1655 1748 1825 1819 parte
1846 1734 2046 1817 campi
2069 1748 2315 1817 propter
2333 1754 2499 1795 mare
2524 1733 2607 1795 le-

225 1824 447 1907 giones
476 1822 664 1885 ducit.
738 1819 860 1885 Hic
901 1841 1156 1904 campus
1187 1821 1448 1884 mirabili
1479 1821 1728 1905 planitie
1759 1832 1924 1904 patet
1953 1818 2142 1881 millia
2165 1838 2449 1901 passuum
2472 1840 2607 1897 xv.3

227 1929 410 1992 quem
428 1908 655 1990 jugum
684 1907 899 1990 ingens
946 1906 984 1969 a
1027 1907 1179 1968 mari
1210 1921 1429 1983 ortum,
1470 1928 1666 1989 neque
1696 1906 1780 1968 ita
1809 1904 2149 1989 praealtum,
2178 1902 2341 1965 velut
2393 1903 2608 1965 theatri

225 1992 415 2056 efficit
442 1990 724 2077 speciem.
810 1990 884 2054 In
913 1992 1030 2053 hoc
1042 1992 1202 2073 jugo
1227 1991 1411 2053 colles
1441 2006 1578 2054 sunt
1605 1991 1827 2055 excelsi
1858 1989 2075 2073 pauci:
2121 1988 2181 2050 in
2230 1988 2446 2070 quibus
2487 1988 2692 2050 sin-20

228 2079 397 2161 gulae
423 2091 615 2140 turres
644 2076 1023 2161 speculaeque
1053 2076 1310 2159 singulae
1341 2091 1678 2161 perveteres
1700 2110 1708 2117 ·
1729 2089 1902 2138 erant
1941 2074 2261 2137 collocatae
2286 2096 2306 2151 3
2350 2095 2606 2156 quarum

230 2162 397 2249 apud
426 2162 698 2225 ultimam
772 2161 1077 2224 raesidium
1107 2176 1168 2225 et
1190 2162 1366 2225 statio
1395 2162 1508 2224 fuit
1533 2160 1857 2245 Scipionis.

313 2242 689 2311 XXXVIII.
794 2261 1072 2329 ostquam
1104 2244 1322 2310 Caesar
1363 2247 1443 2310 ad
1481 2248 1728 2329 jugum,
1772 2246 1848 2308 de
1892 2266 2014 2328 quo
2042 2244 2244 2322 docui,
2276 2246 2610 2321 adscendit,

226 2348 411 2416 atque
439 2333 503 2394 in
534 2353 1022 2415 unumquemque
1067 2331 1284 2395 collem
1340 2347 1529 2395 turres
1576 2331 1942 2415 castellaque
1993 2330 2192 2393 facere
2242 2331 2429 2413 coepit
2454 2353 2471 2408 3
2517 2343 2608 2392 at-

164 2438 171 2443 ·
226 2439 346 2502 que
374 2440 449 2480 ea
476 2417 675 2481 minus
705 2416 1008 2480 semihora
1030 2417 1255 2497 efficit3
1297 2430 1357 2479 et
1402 2431 1720 2501 postquam
1753 2438 1876 2479 non
1922 2416 2008 2479 ita
2052 2415 2241 2497 long-e
2287 2416 2366 2478 ab
2398 2416 2690 2479 ultimo25

227 2503 384 2568 colle
409 2503 675 2588 turrique
720 2502 853 2580 fuit,
900 2525 1041 2587 quae
1070 2502 1351 2588 proxima
1403 2502 1516 2566 suit
1563 2503 1773 2567 castris
1821 2500 2324 2577 adversariorum,
2377 2500 2440 2566 ‘m
2489 2522 2611 2583 qua
2655 2498 2658 2501 ’

229 2590 416 2652 docui
440 2610 567 2652 esse
592 2589 943 2673 praesidium
969 2590 1404 2672 stationemque
1421 2588 1827 2652 Numidarum
1854 2610 1874 2666 3
1919 2587 2247 2686 paullisper
2270 2607 2611 2649 commora-

228 2688 345 2751 tus,
375 2674 811 2758 perspectaque
839 2673 1058 2737 natura
1087 2673 1226 2751 loci,
1257 2675 1526 2757 equitatu
1559 2674 1619 2736 in
1645 2674 1902 2737 statione
1925 2673 2241 2757 disposito,
2268 2672 2608 2755 legionibus

228 2782 385 2845 opus
416 2760 730 2822 attribuitz
776 2760 1211 2842 brachiumque
1240 2760 1440 2822 medio
1473 2761 1638 2841 jugo
1663 2761 1742 2822 ab
1771 2781 1848 2821 eo
1877 2758 2035 2835 loco,
2068 2757 2146 2820 ad
2191 2780 2368 2840 quem
2400 2779 2610 2841 perve-

225 2858 419 2923 nerat,
452 2866 639 2928 usque
668 2845 749 2907 ad
779 2865 915 2907 eum
948 2844 1107 2908 uude
1130 2864 1406 2926 egressus
1428 2858 1580 2921 erat,
1598 2846 1778 2927 jubet
1806 2844 1988 2925 dirigi
2014 2863 2085 2905 ac
2112 2844 2350 2905 muniri.
2421 2841 2695 2925 Quod30

223 2945 550 3015 postquam
583 2929 796 3014 Scipio
826 2928 1257 3011 Labienusque
1287 2929 1863 3005 animadverterunt,
1887 2928 2154 3010 equitatu
2181 2928 2346 2989 omni
2376 2949 2454 2990 ex
2479 2949 2612 2989 cas-

224 3015 336 3077 tris
367 3016 607 3091 educto,
632 3014 883 3097 acieque
911 3013 1172 3097 equestri
1202 3013 1513 3089 instructa,
1542 3018 1578 3075 a
1603 3015 1724 3075 suis
1753 3012 2184 3074 munitionibus
2213 3012 2451 3074 circiter
2474 3033 2612 3095 pas-

226 3121 332 3162 sus
362 3099 525 3162 mille
550 3099 1039 3184 progrediuntur,
1069 3098 1524 3183 pedestremque
1553 3097 1796 3182 copiam
1827 3097 1888 3158 in
1914 3096 2179 3158 secunda
2225 3095 2356 3158 acie
2409 3097 2608 3158 minus

226 3205 446 3270 passus
477 3206 584 3247 cn.
617 3185 653 3247 a
681 3185 892 3248 castris
922 3185 1045 3247 suis
1073 3184 1464 3246 constituunt.

318 3266 633 3333 XXXIX.
679 3267 896 3333 Caesar
924 3270 987 3333 in
1017 3289 1201 3354 opere
1228 3267 1446 3331 milites
1498 3267 1830 3344 adhortari,
1883 3287 2079 3349 neque
2131 3266 2696 3330 adversariorum&

226 3355 429 3454 copiis
460 3355 711 3418 moveri.
795 3353 939 3418 Jam
969 3376 1154 3439 quum
1187 3375 1311 3417 non
1362 3354 1623 3437 amplius
1675 3373 1958 3438 passuum
2008 3374 2123 3415 un.
2170 3352 2325 3415 inter
2353 3353 2613 3414 hostium

225 3461 427 3503 aciem
459 3460 719 3523 suasque
748 3441 1111 3503 munitiones
1127 3460 1256 3502 esse
1275 3439 1827 3519 animadvertisset3
1870 3436 2378 3521 intellexissetque
2399 3439 2476 3501 ad
2501 3438 2614 3500 im-

225 3526 568 3610 pediendos
600 3524 819 3588 milites
847 3545 1008 3603 suos,
1038 3538 1098 3588 et
1126 3526 1207 3588 ab
1237 3545 1418 3610 opere
1446 3525 1835 3610 depellendos
1865 3524 2095 3587 hostem
2129 3525 2411 3607 proprius
2441 3545 2615 3586 acce-

227 3611 379 3674 dere
404 3631 423 3689 3
466 3631 827 3694 necesseque
874 3611 1125 3674 haberet
1152 3609 1425 3693 legiones
1450 3611 1487 3673 a
1517 3612 1950 3674 munitionibus
1979 3609 2313 3687 deducere3
2361 3609 2617 3691 imperat

227 3707 454 3758 turmae
482 3693 920 3796 Hispanorum,
946 3709 1013 3759 ut
1036 3695 1113 3759 ad
1142 3694 1489 3781 proximum
1513 3696 1728 3759 collem
1751 3694 2009 3780 propere
2037 3707 2436 3770 accurrerent,
2456 3697 2703 3776 prae—40

227 3780 577 3863 sidiumque
602 3782 742 3844 mde
766 3782 1175 3859 deturbarent,
1198 3781 1522 3864 locumque
1545 3803 1621 3844 ea
1701 3794 1832 3843 rent
1855 3802 1875 3859 3
1916 3780 2252 3861 eodemque
2266 3780 2449 3860 jubet
2471 3777 2618 3840 levis

228 3880 569 3930 armaturae
622 3887 855 3951 paucos
876 3867 1190 3950 consequi
1242 3866 1530 3932 subsidio.
1687 3867 1746 3928 ui
1799 3866 1963 3928 missi
1994 3863 2285 3940 celeriter,
2317 3862 2618 3925 Numidas

226 3950 435 4014 adorti
464 3951 688 4036 partim
716 3952 891 4015 vivos
919 3951 1189 4037 capiunt,
1219 3951 1543 4016 nonnullos
1595 3954 1824 4034 equites
1875 3949 2173 4041 fugientes
2220 3947 2619 4012 convulnera-

295 4150 346 4197 6.
378 4148 438 4197 P.
463 4147 647 4211 Silium]
713 4149 790 4197 De
811 4165 907 4212 quo
928 4165 1074 4212 supra
1088 4151 1272 4199 dictum
1288 4151 1336 4198 in
1356 4150 1443 4197 Ju·
1503 4149 1805 4209 transpositis
1827 4147 2024 4209 virg-ulis
2046 4147 2378 4206 punctulisque
2401 4161 2411 4190 :
2453 4146 2705 4207 Postquam

223 4214 309 4260 be
344 4226 545 4272 regnum
580 4213 851 4274 conjuncti·
899 4228 1010 4261 cum
1050 4213 1251 4277 Bogud:
1292 4213 1443 4272 copiis
1509 4213 1666 4261 Cesar
1680 4212 1743 4259 ad
1749 4212 1926 4275 jugum
1958 4210 2014 4258 de
2036 4225 2124 4274 quo
2145 4209 2281 4256 docui
2303 4206 2706 4268 adxendit,atque

226 4274 599 4334 impressionem
622 4276 808 4324 secisse.
1502 4274 1559 4322 in
1593 4288 1874 4336 unumquem
1940 4286 1964 4319 e
2006 4270 2199 4325 culleum
2249 4276 2399 4317 tim-es
2431 4270 2705 4330 castellaque

302 4337 377 4383 12.
408 4352 471 4384 vt.
495 4336 607 4385 1101.
629 4336 789 4400 Febr]
814 4350 967 4387 nvn.
1000 4336 1080 4385 die
1107 4337 1345 4386 januarii.
1489 4336 1650 4400 faeere
1666 4337 1813 4400 σαφῆ.
1899 4351 1956 4382 oc
1973 4337 2138 4393 probat
2161 4334 2208 4379 id
2233 4333 2360 4390 quod
2379 4332 2703 4390 subsequitum

300 4399 377 4444 19.
416 4398 546 4447 Velut
562 4399 733 4448 theani
744 4399 1124 4463 efficiupea‘em]
1144 4399 1266 4448 cum
1282 4399 1437 4446 Vitru-
1502 4400 1752 4461 Postquam
1769 4414 1864 4446 non
1878 4398 1949 4444 ita
1962 4393 2101 4467 longe
2119 4395 2176 4442 ab
2194 4394 2357 4440 ultimo
2372 4393 2482 4440 coele
2498 4394 2704 4456 tun-ique

223 4460 357 4516 vius,
386 4460 467 4507 lib.
490 4475 537 4506 v.
566 4464 625 4509 de
658 4463 918 4512 Architect.
945 4476 1053 4522 cap.
1074 4464 1121 4509 6.
1144 4471 1193 4510 et
1225 4465 1270 4510 8.
1304 4462 1440 4509 thea-
1488 4460 1593 4524 sui!
1616 4476 1716 4522 quat
1747 4458 2077 4522 proximasm?
2097 4457 2253 4504 castrii·
2277 4454 2652 4504 adversariorum.

222 4532 363 4570 trum
408 4524 586 4571 referre
629 4527 833 4575 sormam
885 4524 1133 4586 hemicycli
1187 4524 1445 4586 arripuerat,
1569 4524 1646 4572 ³3.
1673 4524 2019 4582 Peaeum-mc
2031 4519 2250 4583 copim]
2267 4517 2397 4565 Rara>
2413 4518 2461 4566 in
2478 4519 2703 4579 singulari

225 4584 451 4643 sequitur
483 4584 614 4634 illum
636 4602 862 4649 campum
883 4590 1030 4636 fuisse
1052 4586 1442 4634 semin-otiandum.
1505 4600 1720 4636 ntuuoeo.

292 4648 377 4695 24.
396 4648 550 4712 Atque
563 4648 620 4697 in
629 4664 1004 4715 unumquenque
1020 4649 1220 4711 collem-J
1238 4648 1316 4699 Sic
1331 4650 1441 4710 lege
