3059 5050
1268 217 1548 291 LIBER.
1588 211 1640 282 Ι.
2605 222 2689 284 27

239 368 610 435 cessitudinis
665 366 811 451 ipsis
857 385 998 429 cum
1041 363 1263 429 AEduis
1320 366 1799 442 intercedet-enm
1857 382 2001 446 quse
2047 362 2608 443 senatusconsulta,

238 455 492 536 quotieS,
519 451 820 533 quamque
844 450 1183 512 honorifica
1211 451 1274 511 in
1298 464 1405 512 eos
1433 450 1596 511 sacta
1619 461 1853 510 essent:
1906 462 1973 510 ut
2001 451 2171 510 omni
2202 463 2470 532 tempore
2516 464 2611 513 to-

236 539 353 600 tius
386 536 609 598 Gallioe
640 534 1041 618 principatum
1087 532 1278 595 AEdui
1307 534 1652 609 tenuissent,
1701 532 1868 617 prius
1914 533 2096 594 etiam
2126 534 2309 614 quam
2341 547 2612 597 nostram

239 621 567 685 amicitiam
600 620 1004 702 appetissent:
1048 616 1258 700 populi
1290 614 1374 677 R.
1406 618 1564 678 hanc
1594 636 1721 676 esse
1749 615 2272 693 consuetudinem,
2319 630 2387 679 nt
2414 619 2613 681 socios

239 719 421 787 atque
450 703 678 765 amicos
707 723 832 764 non
861 699 1042 763 modo
1075 701 1167 762 sui
1196 698 1347 762 nihil
1374 698 1722 781 deperdere,
1753 699 1858 759 sed
1906 699 2126 778 gratia,
2150 699 2469 778 dignitate,
2501 703 2613 763 ho·
2657 706 2694 763 6

239 808 388 851 nore
417 799 626 850 auctos
648 785 794 848 velit
819 806 983 846 esse:
1014 799 1043 829 ⁸
1075 786 1240 866 quod
1262 782 1403 845 vero
1437 784 1516 845 ad
1548 782 1874 843 amicitiam
1906 781 2116 864 populi
2149 780 2232 843 R.
2259 783 2612 862 attulissent,

241 873 307 935 id
356 873 426 934 iis
468 871 620 955 eripi
651 870 785 951 quis
813 870 939 953 pati
970 867 1219 951 posset?
1265 865 1610 929 Postulavit
1638 865 1853 927 deinde
1882 865 2115 941 eadem,
2147 885 2284 946 quae
2309 865 2525 948 legatis
2550 869 2613 930 in

241 955 544 1018 mandatis
592 954 856 1029 dederat,
903 973 980 1014 ne
1011 965 1117 1014 aut
1160 950 1401 1027 AEduiS,
1459 964 1565 1011 aut
1609 969 1818 1011 eorum
1851 949 2049 1025 sociis,
2081 949 2302 1011 bellum
2334 950 2615 1013 inferret:

242 1040 482 1103 obsides
529 1038 839 1101 redderett
888 1037 939 1097 si
985 1037 1213 1098 nullam
1253 1048 1484 1119 partem
1528 1033 1972 1096 Germanorum
2018 1034 2266 1096 domum
2315 1036 2616 1097 remittere

240 1136 461 1208 posset,
494 1135 557 1184 at
585 1143 661 1183 ne
691 1142 840 1204 quos
870 1120 1130 1203 amplius
1154 1119 1438 1182 Rhenum
1472 1120 1724 1181 transire
1754 1130 2075 1200 pateretur.
2621 1125 2700 1184 10

326 1204 566 1268 XLIV.
596 1206 938 1268 Ariovistus
958 1205 1035 1266 ad
1059 1204 1361 1287 postulata
1380 1201 1648 1264 Caesaris
1668 1223 1868 1286 pauca
1888 1202 2224 1285 respondit:
2254 1202 2329 1264 de
2349 1204 2469 1265 suis
2492 1204 2617 1266 vir—

243 1292 468 1354 tutibus
488 1289 676 1352 multb
698 1288 1086 1373 praedicavit:
1117 1287 1397 1351 transisse
1417 1286 1699 1348 Rhenum
1724 1306 1850 1347 sese
1869 1307 1992 1347 non
2013 1286 2123 1347 sua
2141 1301 2372 1369 sponte,
2393 1289 2498 1350 sed
2516 1310 2617 1351 ro-

242 1388 454 1457 gatum
480 1386 541 1436 et
562 1375 918 1437 accersitum
950 1372 988 1434 a
1014 1371 1247 1433 Gallis:
1289 1392 1413 1434 non
1439 1372 1566 1432 sine
1589 1371 1814 1451 magna
1838 1390 1944 1451 spe
1970 1372 2325 1453 magnisque
2343 1374 2615 1455 praemiis

243 1461 493 1522 domum
519 1458 966 1541 propinquosq3
996 1455 1336 1538 reliquisse3
1366 1457 1534 1518 sedes
1554 1454 1776 1517 habere
1796 1456 1855 1515 in
1879 1452 2086 1515 Gallis
2104 1456 2183 1517 ab
2208 1456 2351 1539 ipsis
2369 1478 2619 1520 conces—

242 1565 378 1622 sas;
409 1542 644 1604 obsides
668 1563 876 1604 eorum
902 1541 1210 1603 voluntate
1234 1541 1408 1602 datos
1430 1562 1447 1617 ;
1478 1539 1838 1623 stipendium
1866 1559 2083 1622 capere
2091 1540 2235 1620 jure
2263 1540 2425 1617 belli,
2451 1544 2700 1624 quod15

242 1629 503 1689 victores
530 1625 702 1687 victis
726 1627 1038 1708 imponere
1066 1624 1524 1686 consueverint:
1570 1645 1694 1684 non
1718 1644 1844 1685 sese
1877 1621 2091 1698 Gallis,
2123 1624 2227 1685 sed
2258 1623 2474 1687 Gallos
2504 1627 2619 1689 sibi

239 1710 471 1773 bellum
508 1710 813 1771 intulisse:
857 1730 1067 1771 omnes
1099 1707 1321 1769 Galliae
1351 1709 1624 1773 civitates
1654 1708 1732 1768 ad
1763 1729 1824 1767 se
1855 1708 2332 1789 oppugnandum
2363 1713 2619 1789 venisse,

245 1817 323 1856 ac
349 1808 564 1855 contra
587 1814 649 1853 se
675 1806 875 1854 castra
897 1792 1217 1867 habuisse3
1261 1812 1363 1851 eas
1392 1812 1601 1851 omnes
1623 1792 1833 1871 copias
1863 1811 1985 1850 uno
2016 1792 2122 1851 abs
2141 1811 2203 1852 se
2221 1793 2441 1874 proelio
2459 1794 2621 1857 fusas

248 1899 327 1939 ac
357 1888 669 1959 superatas
696 1895 845 1937 esse.
934 1874 1002 1935 Si
1032 1874 1246 1935 iterum
1301 1874 1562 1957 experiri
1617 1872 1837 1957 velint,-
1872 1888 2149 1956 paratum
2183 1895 2245 1936 se
2274 1877 2621 1940 decertare:

249 1962 345 2023 sin
374 1982 529 2043 pace
558 1959 643 2021 uti
674 1959 905 2034 malint,
952 1958 1225 2039 iniquum
1257 1976 1384 2020 esse
1411 1958 1487 2019 de
1517 1958 1814 2040 stipendio
1844 1978 2140 2035 recusare,
2184 1961 2350 2041 quod
2380 1962 2488 2023 sua
2515 1967 2707 2025 vo-2ss

246 2044 483 2107 luntate
535 2043 615 2105 ad
644 2043 707 2105 id
762 2056 994 2124 tempus
1044 2062 1123 2124 pe
1168 2042 1480 2104 enderint:
1526 2041 1854 2103 amicitiam
1909 2041 2120 2124 populi
2151 2041 2234 2105 R.
2267 2044 2380 2106 sibi
2441 2068 2623 2111 orna-

245 2142 453 2191 mento
483 2140 542 2189 et
567 2127 877 2210 praesidio,
926 2147 1049 2188 non
1102 2064 1480 2201 detrimento,
1535 2147 1662 2186 esse
1692 2138 2051 2208 opportere3
2095 2127 2278 2209 idque
2306 2149 2369 2190 se
2414 2131 2488 2192 es
2517 2152 2623 2216 spe

244 2211 503 2359 petisse:
550 2211 600 2272 si
629 2232 737 2294 per
767 2209 1059 2293 populum
1085 2207 1168 2270 R.
1200 2210 1561 2292 stipendium
1595 2211 1947 2285 remittatur,
1978 2222 2039 2270 et
2076 2211 2332 2274 dedititii
2382 2217 2621 2281 subtra—

290 2310 486 2373 antur,
516 2317 640 2358 non
672 2296 870 2356 minus
897 2293 1151 2357 libenter
1180 2314 1304 2355 sese
1333 2309 1742 2356 recusaturum
1775 2315 1919 2377 pop.
1946 2292 2028 2355 R.
2058 2297 2409 2375 amicitiam,
2435 2302 2642 2381 quam‘

246 2404 287 2444 a
330 2380 606 2465 petierit:
651 2378 814 2461 quod
850 2379 1285 2441 multitudinem
1321 2377 1765 2440 Germanorum
1819 2380 1880 2440 in
1937 2378 2200 2442 Galliam
2249 2384 2701 2464 transducagffi

248 2403 329 2530 id,
344 2486 405 2528 se
434 2466 526 2528 sui
570 2464 897 2541 muniendi,
928 2485 1049 2526 non
1083 2461 1307 2524 Galliae
1337 2464 1792 2547 impugnandae,
1845 2464 2060 2526 caussa
2084 2465 2320 2546 facere3
2364 2469 2492 2550 ejus
2533 2474 2617 2534 rei

248 2551 653 2614 testimonium
686 2571 833 2625 esse,
866 2549 1030 2631 quod
1061 2548 1172 2609 nisi
1198 2561 1449 2630 rogatus
1477 2569 1602 2609 non
1642 2550 1913 2626 venerit3
1953 2563 2016 2610 et
2045 2550 2210 2632 quod
2239 2551 2462 2616 bellum
2493 2577 2619 2619 non

252 2633 540 2710 intulerit,
592 2635 694 2700 scd
739 2633 1105 2695 defenderit:
1151 2654 1213 2693 se
1242 2631 1407 2715 prius
1437 2634 1499 2694 in
1531 2632 1794 2695 Galliam
1827 2634 2079 2711 venisse,
2111 2636 2292 2718 quam
2324 2641 2619 2722 populum

248 2716 337 2782 R.
363 2738 668 2800 nunquam
696 2730 834 2780 ante
863 2718 980 2780 hoc
1023 2731 1256 2800 tempus
1284 2718 1616 2779 exercitum
1663 2717 1872 2801 populi
1903 2717 1986 2779 R.
2015 2717 2239 2783 Galliae
2268 2720 2620 2788 Provinciae

248 2801 403 2864 fines
447 2823 792 2885 egressum:
839 2802 1001 2884 quid,
1038 2799 1150 2863 sibi
1201 2801 1423 2863 vellet?
1467 2823 1577 2863 cur
1623 2803 1684 2864 in
1733 2824 1870 2863 suas
1912 2805 2315 2884 possessiones
2342 2809 2575 2872 veniret
2592 2811 2704 2874 ‚³30

247 2884 647 2950 Provinciam
699 2908 867 2948 suam
922 2907 1049 2948 esse
1078 2886 1235 2947 hanc
1286 2885 1573 2962 Galliam,
1606 2887 1775 2948 sicuti
1833 2886 1996 2948 illam
2029 2902 2295 2950 nostram
2323 2912 2341 2951 z
2385 2906 2453 2953 ut
2504 2896 2620 2957 sibi

246 2971 503 3036 concedi
530 2991 655 3034 non
679 2982 998 3054 oporteret,
1029 2971 1078 3031 si
1107 2971 1171 3031 in
1219 2985 1455 3032 nostros
1484 2971 1635 3032 fines
1663 2971 1951 3052 impetum
1978 2970 2201 3033 faceret
2225 2994 2243 3050 3
2287 2974 2372 3035 sic
2404 2977 2620 3040 iterum

248 3075 363 3117 nos
392 3075 521 3117 esse
548 3056 810 3137 iniquoS,
857 3054 1023 3137 quod
1052 3054 1114 3116 in
1139 3075 1249 3117 suo
1281 3055 1423 3135 jure
1452 3075 1515 3115 se
1547 3053 2097 3136 interpellaremusz
2142 3053 2308 3136 quod
2336 3079 2415 3120 ex
2446 3058 2512 3121 S.
2541 3059 2619 3122 C.

248 3137 492 3202 AEduos
536 3139 869 3223 appellatos
899 3140 1125 3201 amicos
1153 3140 1415 3216 diceret3
1462 3159 1585 3200 non
1632 3159 1693 3199 se
1722 3152 1843 3199 tam
1875 3138 2226 3216 barbarum,
2275 3160 2469 3223 neque
2497 3157 2622 3208 tam

248 3224 598 3307 imperitum
624 3245 751 3285 esse
780 3244 998 3300 rerum,
1031 3236 1096 3284 ut
1141 3244 1264 3286 non
1317 3224 1512 3300 sciret,
1567 3244 1760 3305 neque
1789 3222 1951 3284 bello
1977 3221 2383 3306 Allobrogum
2414 3230 2704 3311 proxi-85

248 3329 355 3372 mo
382 3305 624 3370 AEduos
652 3306 951 3370 Romanis
982 3307 1273 3369 auxilium
1326 3308 1547 3384 tulisse,
1580 3328 1772 3389 neque
1800 3307 1963 3390 ipsos
1992 3303 2056 3382 in
2083 3308 2176 3371 his
2223 3314 2623 3376 contentioni-

248 3391 383 3469 buS,
430 3413 582 3474 quas
611 3390 799 3454 AEdui
825 3413 1023 3454 secum
1055 3406 1115 3454 et
1141 3385 1277 3453 cum
1312 3391 1612 3474 Sequanis
1641 3392 2004 3469 habuissent,
2036 3393 2267 3456 auxilio
2295 3398 2507 3481 populi
2537 3397 2620 3462 R.

249 3497 393 3538 usos
422 3497 587 3538 esse:
629 3477 851 3539 debere
879 3498 942 3537 se
970 3477 1281 3559 suspicari,
1314 3476 1595 3538 simulata
1646 3475 1954 3540 Caesarem
1989 3479 2273 3557 amicitia,
2304 3483 2466 3563 quod
2516 3505 2622 3546 ex·

250 3561 505 3622 ercitum
556 3562 620 3622 in
670 3560 877 3622 Gallia
907 3560 1148 3637 habeat,
1204 3562 1293 3622 sui
1348 3562 1728 3646 opprimendi
1761 3561 1975 3623 caussa
2000 3562 2266 3625 habere:
2312 3566 2478 3647 quod
2506 3568 2624 3630 nisi

311 3695 345 3728 a
373 3682 435 3729 At
455 3681 562 3744 quis
584 3686 733 3745 posset
757 3682 892 3745 serre
910 3682 1033 3730 tund
1051 3682 1167 3745 ipsis
1199 3682 1316 3739 tolli,
1353 3680 1594 3746 quodjam
1615 3681 1892 3740 habuissent,
1915 3683 2054 3732 etiam
2075 3693 2331 3746 antequam
2355 3685 2481 3749 sacti
2504 3684 2706 3748 statuent

249 3742 391 3790 casici
406 3741 575 3804 populi
597 3743 799 3791 Romani
818 3745 847 3790 Ρ
2466 3794 2469 3797 .

318 3859 394 3906 17.
420 3857 589 3906 Omnes
606 3858 779 3906 Galae
801 3858 1039 3920 cicada]
1062 3860 1328 3917 laetanter,
1349 3869 1446 3904 non
1508 3858 1774 3905 AEduornm
1811 3858 2056 3917 reg-ionem
2091 3871 2228 3906 snam
2265 3858 2570 3906 Provinciam
2603 3874 2707 3912 esse

247 3917 367 3967 vere
386 3919 535 3976 dixin
564 3920 653 3967 soii
688 3922 817 3967 enim
848 3921 991 3967 AEdni
1032 3929 1082 3968 et
1122 3935 1289 3968 eorum
1329 3920 1446 3967 socii
1498 3919 1755 3981 judicabat
1775 3919 2052 3966 Ariovistus.

249 3995 370 4028 cnm
388 3993 451 4026 eo
468 3982 708 4043 congressi
729 3990 853 4029 sunt.
1570 3983 1647 4028 35.
1677 3982 1842 4044 Neque
1863 3980 1982 4029 bello
1996 3980 2301 4044 mlobmgum
2325 3983 2583 4045 proxima]
2616 3982 2709 4031 Mi-

313 4043 397 4088 m-
430 4040 572 4104 quue
609 4057 655 4091 ss
694 4044 753 4092 ca
770 4058 849 4106 spo
873 4043 1075 4106 petisse]
1110 4045 1234 4092 Eam
1276 4058 1450 4104 nempe
1510 4058 1616 4090 rum
1639 4044 1687 4089 id
1721 4044 1931 4103 quidem,
1953 4043 2078 4098 cum,
2101 4052 2221 4091 teste
2255 4045 2419 4102 Floro,
2442 4045 2706 4092 AEdnorum

242 4103 535 4152 amicitiam.
1510 4106 1716 4165 querelis
1737 4120 1879 4166 opem
1910 4113 1959 4151 et
1980 4104 2206 4152 auxilium
2229 4104 2556 4153 Romanorum
2573 4107 2708 4168 flagi·

248 4201 253 4205 .
308 4167 392 4212 28.
419 4165 479 4213 Se
563 4164 701 4216 ‘sset
718 4167 926 4216 Gallim
938 4167 1150 4229 venisse]
1176 4169 1240 4216 Et
1252 4169 1302 4215 id
1318 4183 1449 4215 men-
1512 4169 1739 4224 tantibus,
1761 4169 1852 4215 hoc
1874 4167 2049 4214 bellum
2074 4167 2428 4228 Allobrogicum
2449 4168 2594 4215 merit
2606 4184 2708 4218 sus.

246 4226 440 4276 «inciter
543 4228 781 4278 Ariovisto
802 4230 997 4277 dictum.
1059 4230 1297 4278 Domitius
1320 4233 1447 4277 enim
1512 4239 1718 4289 ceptum.
1781 4230 1940 4292 Hujus
1962 4229 2225 4276 enimbelli
2253 4242 2402 4275 causa
2437 4229 2545 4288 finit,
2581 4230 2708 4291 quod

238 4289 392 4351 longe
412 4287 526 4337 ante
548 4290 789 4339 Ammo·
811 4292 937 4338 bauo
960 4294 1187 4354 fregerat.
1512 4292 1768 4352 Salyorum
1789 4305 1955 4353 regum
1972 4292 2188 4348 elapsum
2202 4290 2230 4339 ὲ
2244 4303 2411 4350 pugna
2426 4291 2707 4355 Allobroges

306 4351 387 4399 at.
419 4350 721 4402 mntem
761 4366 896 4400 suam
936 4367 1024 4401 esse
1054 4354 1175 4402 hunc
1203 4354 1446 4416 Galliam]
1510 4354 1846 4413 suscepissent,
1883 4354 2241 4411 AEduorumque
2262 4366 2405 4412 agros
2425 4354 2707 4406 vastassent.

244 4411 372 4462 hat
407 4414 537 4462 enin
559 4414 816 4462 Provincia
836 4415 1002 4462 Galliae
1036 4417 1361 4464 Narbonensis
1400 4415 1449 4464 in
1510 4415 1739 4462 Fortasse
1772 4416 1942 4463 accisae
1974 4414 2240 4461 AEduorum
2269 4427 2386 4474 opes
2422 4429 2520 4463 non
2556 4419 2706 4477 patie-

245 4483 487 4533 pote-me
506 4475 856 4533 Romanorum,
884 4477 992 4538 ¹itm
1015 4479 1125 4525 inde
1146 4477 1175 4526 ὲ
1195 4478 1450 4538 superiori·
1511 4480 1688 4524 bantur
1710 4493 1760 4523 se
1781 4479 1889 4525 huic
1906 4476 2031 4523 bello
2053 4477 2373 4536 interponere,
2389 4481 2606 4538 quamvis
2623 4478 2708 4528 sd

243 4537 334 4592 bns
365 4538 697 4598 manib-3
728 4553 826 4600 quo
858 4547 1003 4598 pacto
1034 4539 1366 4601 Sequanorum
1401 4549 1451 4587 st
1511 4538 1658 4586 causa
1680 4548 1924 4598 suscepto:
1960 4545 2042 4584 sut
2077 4545 2217 4584 erant
2250 4541 2312 4587 sb
2348 4543 2520 4589 eodem
2552 4542 2708 4596 hoste,

1510 4603 1679 4708 ιιιέαδ
1698 4601 1795 4651 sno
1813 4615 1980 4651 eoum
2002 4601 2121 4649 flues
2141 4602 2445 4652 defendeudi.
