3059 5050
388 291 473 356 98
1188 292 1311 358 DE
1354 292 1659 362 BELLO
1703 294 2097 361 GALLICO

474 436 747 517 decedat,
789 450 894 503 aut
921 439 1249 503 exercitum
1271 442 1541 505 'deducat
1566 465 1644 507 ex
1671 444 1766 506 his
1793 443 2160 524 regionibus,
2192 462 2318 505 sese
2341 440 2511 506 illum
2553 464 2678 507 uon
2721 464 2847 529 pro

476 524 697 601 amico,
727 525 835 587 sed
863 545 976 608 pro
1004 524 1172 587 hoste
1201 527 1546 589 habiturum
1570 550 1588 587 :
1632 527 1800 610 quod
1823 527 1872 588 si
1902 547 2037 588 eum
2071 526 2448 603 interfecerit,
2479 528 2682 590 multis
2710 523 2852 592 sese*

474 606 799 685 nobilibus,
823 608 1316 692 principibusque
1343 611 1554 693 populi
1579 609 1847 672 Romani
1879 624 2117 692 gratum
2147 630 2276 671 esse
2302 609 2596 673 facturum
2627 632 2644 672 ε
2688 613 2749 674 id
2775 634 2846 674 se

473 690 552 751 ab
583 691 728 774 ipsis
757 714 867 776 per
892 714 1101 754 eorum
1133 695 1385 755 nuncios
1413 710 1788 777 compertum
1819 695 2061 771 habere,
2086 714 2341 776 quorum
2391 696 2662 758 omnium
2693 717 2844 778 gra-

389 774 428 833 5
473 773 619 835 tiam
646 788 828 857 atque
851 776 1179 838 amicitiam
1210 778 1338 857 ejus
1370 790 1560 838 morte
1583 777 1875 840 redimere
1894 793 2092 860 posset
2119 799 2135 837 ε
2182 777 2346 858 quod
2375 779 2423 839 si
2453 779 2842 858 discessisset,

472 877 547 918 ac
576 857 826 920 liberam
860 858 972 920 sibi
1003 860 1439 942 possessionem
1470 859 1694 923 Gallioe
1741 861 2100 937 tradidisset,
2132 881 2357 942 magno
2387 880 2449 923 se
2478 862 2646 925 illum
2678 886 2844 948 prae·

472 942 600 1086 gigo
629 956 1168 1088 reetmuneratlgrum
1198 956 1258 1005 et
1280 964 1662 1026 quincunque
1704 944 1866 1007 bella
1910 947 2039 1027 geri
2062 944 2261 1022 vellet,
2291 947 2419 1007 siue
2441 946 2565 1009 ullo
2593 951 2724 1030 ejus
2745 950 2844 1012 la-

557 1045 622 1086 re
867 1047 942 1088 cu
1035 1026 1467 1090 confecturum.
2381 1087 2400 1095 -

557 1106 683 1171 XL
746 1155 762 1170 .
808 1108 1008 1172 Multa
1037 1111 1075 1172 ὲ,
1103 1109 1354 1174 Caesare
1382 1112 1445 1174 in
1467 1130 1603 1174 eam
1635 1112 1985 1176 senteutiam
2016 1112 2179 1175 dicta
2198 1126 2352 1190 suut,
2385 1132 2569 1197 quare
2591 1117 2845 1198 negotio

390 1191 754 1255 lOdesistere
782 1214 907 1256 non
928 1208 1171 1278 posset3
1213 1208 1274 1257 et
1324 1216 1519 1295 neque
1566 1216 1735 1259 suam
1779 1217 1972 1279 neque
1999 1197 2207 1280 populi
2237 1196 2320 1259 R.
2346 1201 2842 1264 consuetudinem

470 1279 620 1359 pati,
653 1275 735 1339 uti
783 1279 1011 1361 optime
1043 1279 1286 1341 meritos
1315 1300 1511 1342 socios
1559 1282 1896 1358 desereret3
1941 1301 2132 1362 neque
2161 1302 2224 1342 se
2261 1282 2543 1362 judicare
2571 1282 2844 1347 Galliam

556 1362 672 1423 tius
694 1382 823 1423 esse
845 1362 1156 1438 Ariovisti,
1187 1364 1368 1444 quam
1393 1364 1604 1447 populi
1637 1364 1718 1426 R.
1751 1364 1930 1426 Bello
1959 1385 2026 1426 su
2175 1378 2270 1426 tos
2297 1384 2423 1426 esse
2445 1366 2753 1429 Arvernos
2776 1383 2844 1430 et

470 1381 750 1508 ffutenos
780 1446 819 1508 a
841 1446 923 1528 Q.
954 1444 1155 1509 Fabio
1182 1445 1484 1523 Maximo,
1509 1449 1731 1531 quibus
1838 1444 2014 1531 pulus
2151 1448 2509 1530 ignovisset:
2551 1470 2743 1532 neque
2771 1453 2842 1514 in

472 1530 853 1613 provinciam
907 1531 1253 1612 redegisset,
1307 1551 1500 1613 neque
1553 1470 1912 1615 stipendium
1949 1531 2363 1613 imposuisset:
2408 1532 2573 1614 quod
2602 1535 2648 1595 si
2681 1536 2845 1596 anti-

396 1613 827 1695 15quissimum
861 1616 1143 1697 quodque
1172 1628 1407 1697 tempus
1437 1616 1691 1699 spectari
1724 1637 1762 1677 o
1847 1630 2042 1691 rteret,
2074 1616 2284 1699 populi
2315 1615 2396 1677 R.
2438 1617 2842 1698 justissimum

470 1719 602 1760 esse
632 1698 693 1760 in
725 1697 930 1760 Gallia
959 1699 1039 1760 im
1125 1699 1321 1775 rium3
1365 1700 1411 1760 si
1431 1700 1733 1781 judicium
1763 1638 2026 1762 gentitus
2056 1701 2278 1762 servari
2322 1715 2646 1783 oporteret,
2692 1702 2847 1764 libe-

472 1803 603 1845 ram
628 1783 848 1845 debere
870 1804 998 1845 esse
1146 1782 1308 1860 liam,
1340 1804 1520 1865 quam
1547 1783 1709 1846 bello
1739 1785 1960 1845 victam
1989 1784 2110 1844 suis
2137 1783 2375 1865 legibus
2404 1786 2490 1846 uti
2515 1784 2817 1849 voluisset.

560 1865 796 1929 XLVI.
841 1866 1010 1930 Dum
1059 1868 1193 1930 haec
1224 1869 1284 1930 in
1333 1867 1644 1951 colloquio
1696 1883 2004 1947 geruntur,
2059 1866 2298 1929 Caesari
2327 1870 2676 1931 nunciatum
2730 1883 2842 1948 est,

473 1954 703 2035 equites
731 1952 1019 2015 Ariovisti
1052 1953 1302 2037 propius
1333 1953 1628 2015 tumulum
1661 1954 1948 2014 accedere
1992 1966 2051 2013 et
2101 1952 2178 2012 ad
2209 1965 2444 2013 nostros
2473 1954 2843 2035 adequitare,

390 2037 706 2122 mispides
752 2038 991 2120 telaque
1019 2038 1083 2098 in
1112 2050 1350 2099 nostros
1380 2038 1699 2117 conjicere.
1790 2035 2007 2098 Caesar
2035 2036 2320 2117 loquendi
2353 2036 2530 2097 finem
2563 2036 2721 2114 fecit,
2751 2059 2842 2100 se·

474 2144 593 2204 que
616 2121 695 2183 ad
726 2142 865 2181 suos
895 2121 1138 2201 recepit,
1170 2120 1412 2200 suisque
1436 2120 1776 2262 imlperavit,
1809 2141 1884 2181 ne
1912 2121 2075 2200 quod
2107 2120 2355 2181 omnino
2378 2120 2561 2182 telum
2593 2121 2656 2182 in
2705 2122 2844 2183 hos·

473 2220 563 2268 tes
599 2205 911 2284 rejicerent
938 2223 954 2263 ε
1000 2223 1139 2263 nam
1171 2202 1280 2263 etsi
1311 2203 1438 2263 sine
1467 2223 1506 2263 u
1535 2203 1595 2263 lo
1623 2203 1895 2287 periculo
1926 2203 2183 2283 legionis
2212 2202 2460 2267 delectoe
2489 2226 2625 2267 cum
2674 2207 2843 2288 equi-

475 2301 603 2350 tatu
631 2286 913 2370 proelium
934 2286 1061 2347 sore
1083 2286 1366 2363 videbat3
1410 2299 1612 2349 tamen
1642 2288 2133 2350 committendum
2169 2308 2291 2349 nou
2316 2289 2586 2371 putabat,
2616 2303 2684 2351 ut
2708 2290 2843 2373 pul-

475 2372 555 2433 sis
576 2371 846 2433 hostibus
875 2370 997 2432 dici
1028 2382 1247 2453 posset,
1294 2391 1398 2431 eos
1428 2370 1467 2432 a
1495 2392 1557 2432 se
1585 2392 1694 2454 per
1721 2371 1900 2434 fidem
1933 2372 1993 2433 in
2024 2372 2332 2454 colloquio
2379 2373 2839 2436 circumventos.

390 2454 884 2538 25Posoeaquam
915 2455 979 2517 in
1007 2454 1226 2537 vulgus
1251 2454 1507 2517 militum
1539 2454 1760 2518 elatum
1786 2470 1894 2533 est,
1926 2457 2046 2539 quei
2075 2456 2426 2538 arrogantia
2443 2457 2506 2519 in
2533 2456 2842 2541 colloquio

473 2541 815 2604 Ariovistus
844 2560 1005 2617 usuS,
1036 2541 1244 2602 omnia
1291 2539 1496 2602 Gallis
1523 2538 1825 2603 Romanis
1856 2541 2295 2620 interdixisset3
2338 2542 2749 2641 impetumque
2776 2544 2840 2605 in

473 2640 711 2690 nostros
756 2627 885 2709 ejus
912 2624 1142 2708 equites
1170 2625 1421 2702 fecisset,
1451 2647 1645 2708 eaque
1695 2647 1789 2688 res
1817 2626 2188 2707 colloquium
2237 2627 2606 2705 diremisset3
2650 2627 2838 2690 multo

473 2714 672 2774 ma'or
701 2710 1001 2787 alacritaS‚
1028 2710 1289 2772 studium
1338 2731 1411 2772 ue
1434 2711 1748 2795 pugnandi
1781 2712 1974 2792 majus
1998 2710 2285 2772 exercitui
2318 2711 2601 2792 injectum
2631 2725 2738 2773 est.

683 2793 830 2858 Vll.
875 2793 1084 2857 Biduo
1106 2808 1263 2879 post,
1356 2795 1635 2856 riovistns
1658 2793 1890 2876 legatos
1921 2796 1997 2856 ad
2023 2792 2332 2856 Caesarem
2366 2796 2566 2871 mittit,
2596 2795 2749 2857 velle
2778 2816 2842 2858 se

391 2881 549 2945 sode
573 2881 664 2943 his
684 2882 882 2957 rebus,
903 2901 1043 2963 quae
1064 2880 1216 2941 inter
1233 2899 1337 2940 eos
1361 2879 1461 2960 agi
1488 2891 1729 2961 coeptas,
1755 2901 1871 2961 neq
1897 2900 1914 2955 3
1960 2878 2240 2961 perfectae
2253 2893 2473 2956 essent,
2497 2899 2680 2960 agere
2701 2901 2842 2943 cum

473 2987 587 3029 eo:
632 2963 718 3028 uti
744 2980 848 3028 aut
876 2965 1090 3028 iterum
1124 2963 1432 3045 colloquio
1452 2964 1611 3025 diem
1639 2965 2024 3025 constitueret
2048 2985 2065 3039 ;
2110 2976 2232 3037 aut,
2264 2963 2310 3023 si
2333 2962 2395 3025 id
2422 2964 2619 3025 minus
2643 2963 2841 3040 vellet,

472 3071 553 3114 ex
583 3052 706 3113 suis
733 3050 951 3134 legatis
980 3049 1240 3152 aliquem
1291 3048 1370 3110 ad
1418 3069 1480 3109 se
1530 3047 1807 3109 mitteret.
1896 3046 2302 3128 Colloquendi
2333 3044 2571 3109 Coesari
2629 3068 2844 3110 caussa

473 3137 606 3199 visa
634 3157 758 3198 non
787 3149 915 3215 est;
958 3143 1018 3197 et
1046 3155 1121 3196 eo
1154 3133 1367 3214 magiS,
1399 3131 1565 3214 quod
1595 3132 1791 3215 pridie
1826 3132 1953 3212 ejus
1982 3131 2097 3192 diei
2133 3129 2421 3192 Germani
2451 3131 2689 3194 retineri
2718 3151 2845 3194 non

474 3234 814 3305 potuerant,
836 3221 982 3304 quin
1002 3219 1065 3281 iu
1089 3232 1325 3281 nostros
1350 3216 1467 3278 tela
1486 3216 1873 3296 conjicerent.
1962 3213 2263 3295 Legatum
2284 3235 2362 3276 ex
2381 3214 2502 3276 suis
2526 3235 2652 3277 sese
2671 3236 2846 3297 magb

390 3310 554 3369 35no
576 3326 716 3368 cum
746 3304 1017 3388 periculo
1047 3303 1126 3364 ad
1156 3322 1294 3362 eum
1320 3300 1660 3375 missurum,
1702 3312 1762 3360 et
1784 3299 2126 3360 hominibus
2153 3298 2290 3360 seris
2314 3299 2708 3380 objecturum,
2736 3320 2848 3361 ex-

476 3390 799 3451 istimabat.
889 3385 1467 3449 Commodissimum
1519 3384 1715 3444 visum
1745 3380 2105 3460 est„Caium
2136 3381 2449 3445 Valerium
2479 3381 2844 3459 Procillum,

475 3471 619 3534 Caii
643 3470 876 3533 Valerii
900 3469 1136 3533 Caburi
1161 3467 1376 3544 filium,
1406 3467 1644 3530 summa
1665 3467 1882 3530 virtute
1905 3480 1965 3528 et
1987 3467 2355 3529 humanitate
2380 3466 2844 3542 adolescentem,

395 3669 403 3677 ’
456 3661 528 3707 13.
558 3658 736 3720 Quibus
750 3658 952 3722 populus
968 3657 1020 3705 R.
1036 3657 1322 3766 ignoti-usq

390 3723 640 3771 dicebatur
661 3722 864 3782 populus
877 3720 934 3767 R.
952 3720 1059 3768 cum
1082 3721 1285 3780 populos
1324 3720 1479 3767 iberos
1515 3734 1589 3766 re·
1653 3722 1781 3780 agris
1817 3723 2112 3781 exigebatur.
2175 3722 2411 3768 Dicuntur
2445 3722 2591 3768 etiam
2627 3723 2713 3769 sed
2749 3723 2849 3769 alio

390 3786 653 3846 linquebat,
675 3783 865 3843 suisque
886 3783 956 3829 uti
978 3783 1180 3843 legibus,
1201 3791 1249 3828 et
1272 3797 1383 3828 suos
1414 3782 1590 3842 magis·
1652 3798 1793 3830 sensu
1815 3785 2069 3843 stipendia,
2105 3799 2209 3843 que
2230 3782 2472 3841 accipiunt
2491 3782 2682 3839 milites,
2704 3792 2850 3842 atque

389 3857 545 3895 tratus
567 3847 724 3906 patrio
746 3859 879 3891 more
919 3859 1086 3891 creare
1115 3844 1434 3904 permittebat.
1497 3844 1592 3891 Mi·
1652 3845 1798 3892 etism
1821 3847 1934 3892 anui
1968 3846 2174 3900 militium
2204 3853 2256 3890 ut
2293 3845 2471 3891 habere
2511 3846 2608 3890 duo
2641 3845 2715 3890 vel
2753 3845 2850 3892 tria

391 3925 499 3958 rum
520 3917 709 3964 tantem
721 3907 847 3967 quod
868 3914 1041 3966 proter
1071 3906 1462 3953 cousuemdincm
1496 3905 1592 3952 Ro-
1653 3907 1910 3965 stipendia,
1924 3917 1997 3955 est
2017 3909 2137 3954 duos
2157 3906 2234 3952 vel
2254 3911 2354 3952 tres
2375 3919 2530 3953 annos
2545 3905 2786 3955 numme.

392 3971 523 4019 mani
553 3969 851 4030 ignoverint:
884 3968 1013 4015 certi·
1034 3968 1166 4015 illum
1202 3968 1391 4014 veniam
1414 3982 1593 4026 magua
1719 3970 1789 4016 16.
1824 3970 2038 4016 Liberam
2057 3967 2218 4014 debere
2233 3981 2321 4015 esse
2341 3963 2583 4027 Galum]
2608 3968 2848 4014 Arvernos

392 4032 660 4095 ignominia
699 4039 1131 4086 commutaverunt,
1187 4029 1294 4076 cum
1353 4029 1590 4087 Domitius
1653 4038 1702 4077 et
1717 4029 1930 4078 Rutenos
1951 4030 2189 4089 intelligit,
2211 4030 2294 4088 qut
2315 4038 2429 4076 ante
2443 4028 2625 4087 aliquot
2645 4044 2799 4076 anuos
2819 4027 2851 4076 ὶ

393 4096 698 4145 AEnobarbus
720 4103 767 4139 et
784 4091 964 4139 Fabius
986 4092 1228 4138 Maximus
1244 4089 1319 4147 iis,
1333 4090 1505 4150 quibus
1521 4092 1593 4138 di·
1654 4092 1886 4139 Romanis
1907 4093 2016 4139 victi
2052 4095 2259 4147 fueraut,
2279 4099 2328 4137 et
2348 4099 2517 4149 postea
2535 4105 2646 4136 cum
2669 4092 2850 4150 Sequa·

393 4159 691 4208 micuerant
711 4154 760 4201 in
782 4155 917 4212 locis,
938 4168 1110 4200 saxeas
1126 4162 1281 4198 turres
1297 4159 1593 4209 exstruxere,
1654 4155 1730 4200 nis
1750 4155 2014 4215 conjuncti,
2034 4152 2142 4200 etim
2174 4154 2440 4199 Germanos
2471 4152 2852 4209 accersivbsent,

392 4230 445 4268 et
460 4221 670 4279 desuper
684 4225 920 4266 exornata
940 4215 1087 4262 armis
1108 4213 1355 4260 hostilibus
1378 4215 1595 4273 trophtea
1654 4217 1916 4262 eorundem
1956 4214 2290 4275 gravissimum
2322 4213 2497 4274 jugum
2538 4214 2854 4273 expes-iehan·

391 4282 709 4406 ‘slebre-Neque
730 4278 1091 4415 &waiam
1103 4335 1380 4398 redegisset]
1404 4336 1527 4384 Tum
1544 4337 1593 4383 in
1657 4285 1792 4386 tml’i'.
1833 4338 1984 4396 Quoen
2004 4335 2122 4386 bello
2143 4335 2309 4385 videm
2326 4336 2420 4385 nnis
2437 4336 2621 4399 leg-ibus
2637 4336 2711 4384 uti
2725 4336 2854 4385 odu-

398 4403 699 4452 Prov'mciam
720 4405 1022 4464 redigebant,
1044 4399 1168 4455 cum,
1203 4399 1441 4457 ademptis
1477 4399 1595 4458 tegi-
1655 4398 1797 4460 ina]
1831 4400 1887 4445 ld
1908 4408 1999 4457 est,
2035 4399 2131 4446 suis
2152 4399 2356 4458 propriis
2383 4399 2553 4458 quibus
2575 4407 2718 4445 anm
2753 4407 2854 4446 ute-

394 4467 585 4540 '’mh‘ff
619 4465 839 4513 Romam
862 4461 1164 4571 mnf-latratui
1199 4468 1249 4506 et
1281 4460 1596 4522 vestigalibus
1657 4462 2136 4582 maequutgmautem
2157 4460 2405 4572 liza-nis,
2422 4475 2531 4569 qums:
2547 4460 2856 4582 gipedicu-

462 4589 537 4636 14.
571 4586 900 4650 stipendth
924 4589 969 4635 A
988 4587 1112 4646 stipe
1126 4583 1381 4646 pendenda
1395 4584 1593 4631 dictum.
1654 4585 1741 4641 uti,
1784 4599 1906 4645 quos
1948 4584 2156 4635 Romani
2199 4586 2250 4633 in
2296 4583 2600 4633 vahdnn
2644 4583 2857 4646 redegi-

397 4652 495 4698 Αιιι
508 4657 710 4708 certum,
730 4648 841 4701 cn-
855 4657 991 4699 σεται
1008 4646 1218 4710 pecunia
1236 4646 1596 4708 imper-bacun
1657 4654 1779 4696 sent.

1340 3657 1590 3718 Ignavis-e
1652 3667 1736 3706 aut
1758 3658 2006 3716 incertum,
2043 3663 2169 3721 quod
2205 3662 2253 3707 iu
2285 3662 2534 3719 portubus,
2569 3661 2761 3719 pascuis
2795 3669 2848 3708 et
2877 3677 2886 3686 ·

3053 514 3058 617 ι
