3059 5050
782 244 791 255 '
872 261 999 327 DE
1042 259 1350 327 BELLo
1393 260 1743 327 msrAn.
1788 242 2122 361 mann(
2277 241 2281 245 ⁴
2594 270 2714 330 ssv

226 414 434 482 classe
462 411 747 490 occurrit,
775 434 960 477 naves
990 412 1279 490 incendit,
1304 412 1628 474 nonnullas
1652 413 1835 495 capit.
1899 410 2232 496 Pompeius
2255 432 2395 474 cum
2419 412 2632 497 paucis

226 502 532 588 profugit,
563 515 622 561 et
653 499 855 560 locum
888 498 1191 580 quendam
1222 498 1517 561 munitum
1550 498 1767 560 natura
1789 510 2068 580 occupat.

326 585 575 649 XXXV
591 584 708 646 111.
755 583 1011 666 Equites
1042 598 1102 645 et
1130 584 1428 657 cohortes,
1461 604 1603 682 quae
1629 582 1704 645 ad
1755 582 2236 669 persequendum
2291 581 2492 647 missae
2538 605 2633 647 es-

229 687 396 747 sent,
430 670 914 753 speculatoribus
946 682 1084 730 ante
1105 668 1318 744 missis,
1349 682 1636 730 certiores
1685 668 1876 730 fiunt:
1921 667 2083 728 diem
2126 680 2187 729 et
2227 681 2465 731 noctem
2519 669 2632 732 iter

232 759 498 820 faciunt.
586 755 921 838 Pompeius
958 755 1209 815 humero
1237 766 1298 814 et
1326 753 1570 814 sinistro
1598 774 1772 815 crure
1805 753 2183 814 vehementer
2211 766 2342 815 erat
2370 755 2629 818 sauciuS.
2675 758 2716 816 5

236 843 391 905 Huc
426 842 776 918 accedebat,
808 854 875 902 ut
902 839 1082 900 etiam
1129 838 1316 899 talum
1366 839 1698 899 intorsisset
1724 860 1739 899 z
1786 859 1926 921 quae
1973 858 2066 899 res
2121 837 2389 901 maxime
2443 841 2633 924 impe-

241 929 480 990 diebat.
567 925 663 988 Ita
694 926 909 987 lectica
938 924 975 985 a
1004 938 1183 998 turre,
1258 923 1338 984 ua
1366 938 1520 985 esset
1545 923 1783 1001 allatu8‚
1827 923 1888 984 in
1940 945 2016 986 ea
2043 922 2364 985 ferebatur.
2451 922 2634 988 Lusi-

248 1030 433 1076 tanus
458 1033 623 1073 more
654 1011 916 1082 militari,
939 1030 1123 1091 quum
1150 1008 1188 1070 a
1211 945 1482 1070 (qjaesaris
1512 1008 1804 1092 praesidio
1834 1008 2038 1070 fuisset
2066 1022 2444 1092 conspectuS,
2476 1010 2632 1072 cele·

244 1099 401 1160 riter
429 1100 696 1179 equitatu
725 1096 1196 1175 cohortibusque
1225 1093 1746 1156 circumcluditur.
1836 1093 1994 1157 Erat
2022 1114 2298 1156 accessus
2327 1094 2450 1156 loci
2477 1095 2635 1157 diffi-

248 1184 466 1246 cultas.
552 1179 613 1242 N
619 1201 716 1242 am
746 1180 999 1256 idcirce,
1026 1178 1191 1262 quod
1217 1191 1466 1263 propter
1491 1201 1632 1242 suos
1658 1179 1694 1240 a
1719 1192 1927 1242 nostro
1952 1178 2240 1262 praesidio
2264 1179 2472 1242 fuisset
2488 1184 2720 1245 con-10

252 1283 511 1352 spectu8‚
542 1266 813 1328 celeriter
837 1266 1133 1327 munitum
1157 1259 1360 1326 locum
1389 1265 1610 1327 natura
1637 1277 1909 1348 coeperat
1938 1265 2053 1326 sibi
2082 1262 2436 1349 Pompeius,
2458 1287 2636 1348 quem

250 1356 358 1415 vix
395 1351 622 1433 magna
668 1350 1053 1412 multitudine
1100 1350 1343 1412 deducti
1398 1351 1673 1413 homines
1701 1370 1780 1412 ex
1809 1350 2120 1435 superiore
2148 1348 2289 1412 loco
2317 1350 2638 1415 defendere

247 1452 516 1522 possent.
606 1436 947 1498 subeuntes
972 1436 1035 1498 in
1055 1436 1319 1498 adventu
1348 1436 1536 1497 nostri
1556 1435 1937 1520 depelluntur
1960 1434 2131 1498 telis:
2177 1435 2397 1517 quibus
2420 1437 2640 1500 ceden-

247 1525 431 1597 tibus,
456 1544 534 1584 cu
580 1521 737 1583 idius
766 1522 1233 1604 insequebantur
1262 1521 1616 1599 adversarii,
1644 1535 1706 1584 et
1729 1520 2041 1584 confestim
2069 1521 2397 1585 tardabant
2425 1523 2504 1585 ab
2534 1544 2639 1585 ac-

245 1631 443 1670 cessu.
562 1606 672 1670 Ioc
705 1608 926 1694 saepius
957 1607 1139 1685 facto,
1170 1607 1764 1670 animadvertebatur
1793 1621 2002 1669 nostro
2026 1627 2255 1689 magno
2279 1608 2345 1671 id
2374 1607 2506 1670 fieri
2535 1611 2724 1693 pe-lfi

253 1695 473 1756 ricu10.
562 1692 765 1777 Opere
793 1696 1266 1755 circummunire
1294 1691 1570 1770 instituit,
1625 1692 1758 1777 pari
1812 1705 2012 1754 autem
2059 1705 2120 1754 et
2165 1692 2346 1755 celeri
2396 1693 2644 1767 festina-

222 1786 225 1789 ’
252 1781 422 1842 tione
450 1779 677 1842 circum
710 1780 1072 1842 munitiones
1101 1778 1165 1840 in
1183 1779 1346 1860 jugo
1376 1778 1670 1862 dirigunt,
1695 1791 1763 1840 ut
1791 1798 1974 1861 aequo
2004 1778 2158 1862 pede
2186 1798 2328 1840 cum
2360 1778 2644 1842 adversa-

257 1866 361 1928 riis
390 1865 682 1946 cong-redi
708 1879 969 1947 possent.
1057 1864 1119 1926 A
1148 1864 1369 1947 quibus
1413 1885 1599 1947 quum
1647 1863 2135 1927 animadversum
2169 1877 2323 1929 esset
2351 1864 2502 1948 fuga
2526 1866 2642 1927 sibi

255 1951 611 2035 praesidium
642 1971 717 2012 ca
762 1950 910 2012 iunt.

343 2034 655 2098 XXXIX.
702 1971 1065 2119 leompeiusj
1086 2047 1151 2097 ut
1182 2057 1369 2119 supra
1397 2035 1965 2111 demonstravimus,
2020 2034 2282 2112 saucius,
2342 2049 2402 2098 et
2449 2035 2728 2099 inter-20

259 2136 323 2184 to
347 2121 492 2197 talo,
524 2121 752 2184 idcirco
777 2121 1133 2185 tardabatur
1163 2121 1242 2183 ad
1271 2122 1671 2204 fugiendum:
1716 2121 1980 2203 itemque
2023 2134 2275 2205 propter
2321 2120 2442 2185 loci
2485 2122 2646 2185 diffi-

257 2207 562 2285 cultatem,
595 2227 789 2290 neque
831 2228 1010 2289 equo,
1041 2228 1238 2290 neque
1288 2207 1570 2282 vehiculo
1623 2206 1800 2269 saluti
1854 2227 1982 2269 suae
2028 2207 2382 2291 praesidium
2428 2228 2647 2290 parare

255 2307 510 2379 poterat.
599 2291 826 2354 Caedes
852 2293 887 2354 a
909 2293 1128 2355 nostris
1147 2292 1414 2374 undique
1434 2292 1993 2371 administrabatur,
2012 2291 2266 2355 exclusa
2287 2293 2644 2371 munitione,

258 2380 613 2461 amissisque
643 2377 906 2440 auxiliis.
994 2378 1096 2440 Ad
1126 2378 1466 2440 convallem
1499 2392 1698 2441 autem
1732 2391 1911 2460 atque
1934 2398 2180 2441 exesum
2201 2377 2403 2440 locum
2428 2379 2492 2441 in
2513 2400 2648 2462 spe-

257 2465 503 2528 luncam
532 2460 869 2564 Pompeius
897 2485 958 2527 se
982 2464 1290 2527 occultare
1318 2464 1525 2549 coepit,
1571 2478 1639 2526 ut
1667 2463 1706 2526 a
1735 2465 1954 2528 nostris
1981 2484 2107 2527 non
2136 2462 2318 2528 facile
2347 2463 2730 2528 invenire-25

260 2566 377 2627 tur,
409 2550 521 2613 nisi
550 2572 623 2613 ca
666 2564 928 2612 uvorum
961 2550 1210 2612 indicio.
1298 2549 1395 2613 lta
1424 2551 1508 2612 ibi
1541 2551 1916 2613 interficitur.
2004 2549 2216 2633 Quum
2254 2548 2475 2614 Caesar
2504 2572 2647 2634 gra·

257 2637 538 2700 diebatur
582 2571 909 2720 rfispalim,
941 2636 1137 2720 pridie
1160 2635 1255 2700 Id.
1286 2637 1439 2721 Apr.
1486 2650 1673 2722 caput
1720 2636 1992 2714 allatum,
2045 2651 2108 2699 et
2157 2636 2391 2722 populo
2433 2637 2643 2700 datum

256 2736 346 2785 est
374 2723 436 2785 in
466 2736 879 2806 conspectum.

342 2807 486 2871 XL.
532 2807 858 2870 Interfecto
888 2805 1012 2869 Cn.
1038 2806 1342 2891 Pompeio
1372 2808 1776 2885 adolescente,
1806 2805 2053 2884 Didius,
2086 2828 2266 2889 quem
2300 2829 2366 2872 su
2416 2829 2487 2871 ra
2538 2808 2645 2872 de-

259 2894 746 2969 monstravimus,
777 2892 883 2956 illa
906 2893 1154 2956 affectus
1180 2892 1409 2970 laetitia,
1455 2893 1742 2977 proximo
1792 2914 1854 2955 se
1903 2894 2132 2976 recepit
2175 2907 2341 2955 caste
2387 2916 2447 2971 o,
2493 2898 2734 2957 non-30

260 2980 579 3061 nullasque
611 2999 795 3040 naves
825 2980 904 3041 ad
954 2979 1344 3041 reficiendum
1399 2978 1712 3041 subduxit.
1802 2977 2103 3054 Lusitani,
2153 2978 2259 3060 qui
2305 2998 2384 3039 ex
2437 2999 2650 3061 pugna

263 3065 698 3149 superfuerunt,
719 3064 796 3126 ad
823 3064 1064 3146 signum
1090 3085 1152 3126 se
1170 3080 1547 3147 receperunt,
1557 3076 1618 3125 et
1643 3063 1796 3125 bene
1821 3062 2047 3145 magua
2065 3083 2249 3124 manu
2269 3064 2647 3146 comparata,

262 3152 339 3214 ad
360 3150 616 3215 Didium
643 3170 704 3211 se
735 3164 1066 3233 reportant.
1112 3148 1279 3212 Huic
1304 3150 1411 3213 etsi
1434 3170 1560 3211 non
1586 3150 1799 3213 aberat
1820 3146 2139 3232 diligentia
2159 3147 2238 3209 ad
2260 3168 2445 3210 naves
2476 3160 2649 3211 tuen-

262 3237 391 3314 das,
425 3251 627 3298 tamen
656 3255 1094 3318 nonnunquam
1126 3258 1204 3298 ex
1234 3234 1505 3313 castello,
1536 3250 1786 3321 propter
1814 3255 2025 3296 eorum
2057 3234 2303 3296 crebras
2332 3233 2646 3296 excursio-

260 3345 385 3400 nes,
408 3321 799 3405 ejiciebatur3
842 3324 1012 3385 etsie
1040 3322 1235 3406 prope
1262 3321 1634 3404 quotidianis
1657 3320 1880 3405 pugnis
1905 3318 2156 3383 insidias
2179 3333 2435 3403 ponunt,
2459 3332 2521 3381 et
2542 3320 2734 3384 tri-35

260 3410 485 3493 partito
516 3408 689 3490 signa
720 3407 1110 3470 distribuunt.
1197 3405 1398 3470 Erant
1471 3407 1625 3470 arati
1656 3407 1760 3488 qui
1791 3426 1976 3469 naves
2005 3404 2416 3484 incenderent,
2442 3405 2649 3468 incen-

261 3495 458 3577 sisque
487 3494 591 3576 qui
623 3493 957 3556 subsidium
990 3506 1344 3578 repeterent.
1466 3494 1486 3554 i
1518 3494 1606 3556 sic
1635 3491 1912 3577 dispositi
1942 3504 2134 3568 erant,
2157 3505 2223 3555 ut
2246 3491 2284 3553 a
2313 3491 2481 3556 nullo
2501 3513 2651 3554 con-

262 3594 464 3663 spectu
496 3580 762 3642 omnium
794 3579 876 3641 ad
906 3601 1179 3665 pugnam
1210 3580 1661 3642 contenderent.
1750 3576 1865 3656 Ita,
1897 3598 2082 3661 quum
2127 3597 2204 3639 ex
2247 3576 2500 3640 castello
2529 3575 2647 3640 Di-

262 3666 395 3728 dius
415 3666 496 3729 ad
566 3663 985 3748 ropellendum
1006 3667 1392 3749 processisset
1423 3686 1562 3728 cum
1596 3663 1806 3748 copiis,
1830 3663 2072 3746 signum
2099 3659 2459 3744 aLusitanis
2491 3663 2651 3726 tolli-

261 3766 372 3815 tur.
459 3688 668 3813 Niives
692 3751 1097 3814 incenduntur
1124 3773 1140 3813 ε
1186 3749 1484 3833 simulque
1515 3750 1619 3833 qui
1650 3750 1712 3811 in
1749 3748 2000 3811 castello
2051 3748 2134 3811 ad
2185 3769 2458 3834 pugnam
2507 3754 2737 3832 pro—40

260 3850 583 3914 cesserant,
615 3835 831 3898 eodem
878 3837 1059 3920 signo
1083 3837 1382 3919 fugientes
1427 3835 1694 3898 latrones
1724 3836 1869 3898 dum
1899 3845 2359 3918 persequuntur,
2407 3833 2444 3895 a
2471 3848 2648 3917 tergo

258 3922 491 3985 insidiae
522 3921 789 3983 clamore
814 3921 1055 3985 sublato
1083 3920 1586 3985 circumveniunt.
1673 3913 1898 3983 D'lius
1949 3919 2179 4003 magna
2224 3941 2365 3983 cum
2422 3919 2645 3983 virtute

315 4071 359 4118 7.
394 4070 467 4118 lea
489 4068 649 4117 zedim
667 4067 702 4116 ὰ
721 4075 867 4125 ωηο,
883 4071 981 4134 qud
994 4075 1103 4118 aaa
1125 4069 1315 4130 allatus,
1334 4068 1387 4117 ἐπ
1404 4083 1463 4117 ea
1522 4074 1568 4119 et
1588 4083 1679 4125 ιω,
1694 4068 1863 4129 inquit,
1884 4068 1970 4134 qut·
1989 4067 2142 4131 iprum
2162 4067 2325 4116 lectica
2349 4067 2616 4131 portabant,
2636 4065 2738 4116 des·

244 4131 520 4197 serebatur]
571 4132 769 4180 Pbrasis
803 4133 1051 4181 Hebraica
1069 4148 1160 4193 pro
1180 4131 1279 4195 qud
1300 4132 1462 4181 ludica
1516 4137 1734 4195 per-ames
1754 4132 2022 4188 intuertur,
2049 4130 2236 4188 veritus,
2255 4145 2315 4180 ne
2336 4130 2398 4179 ab
2417 4129 2512 4178 iuis
2533 4130 2733 4178 tradere-

256 4199 347 4242 emt
367 4195 555 4250 amau,
573 4195 632 4241 ια
650 4194 899 4259 serebatur
932 4201 986 4244 u!
1022 4195 1287 4244 manus.
1352 4195 1460 4244 MS.
1522 4201 1605 4243 tur
1623 4194 1980 4257 hodibunsuga
1998 4192 2154 4241 denuo
2171 4193 2302 4241 itura
2315 4192 2537 4265 amplum
2556 4192 2734 4255 ingres-

256 4257 428 4319 Regius
450 4259 603 4305 codex
625 4273 748 4306 unus
780 4260 956 4307 babet:
997 4258 1107 4319 Qud
1140 4262 1239 4307 erut
1271 4257 1459 4315 auarus,
1518 4271 1598 4305 sm
1617 4263 1698 4315 est,
1723 4257 1843 4320 pede
1861 4271 1971 4305 coru
1992 4254 2240 4329 dsmtibm
2259 4255 2498 4318 implacita,
2520 4254 2632 4303 dum
2643 4255 2732 4329 su-

257 4333 355 4378 que
376 4319 517 4366 lectio
538 4320 746 4378 planior.
1518 4334 1629 4369 nem
1684 4319 1812 4369 ladio
1831 4333 1984 4368 seme
1995 4316 2182 4375 aarum,
2195 4317 2331 4381 pedis
2342 4317 2559 4380 plamtoen
2569 4318 2733 4381 gladw

319 4384 389 4430 16.
426 4384 573 4446 Opere
589 4383 948 4432 circummunire
969 4382 1205 4445 instituit]
1270 4382 1370 4430 Pro
1382 4381 1457 4429 in-
1634 4383 1645 4394 “
1678 4383 1728 4431 it.

246 4444 467 4497 ΛΜΝ.
533 4447 614 4492 Sic
634 4445 844 4506 loquitur
864 4446 944 4494 hic
966 4454 1106 4519 autor
1121 4461 1208 4494 suo
1230 4460 1378 4492 more.
1582 4448 1662 4496 27.
1691 4447 1845 4507 Caput
1868 4443 2104 4504 allectum]
2125 4443 2216 4489 Cn.
2233 4443 2608 4504 Pompeii‚quod
2627 4445 2734 4494 Cae·

317 4509 387 4555 ts.
439 4508 485 4556 Δ
518 4509 688 4571 quibus
722 4524 868 4571 quum
902 4507 1273 4558 ammadversum
1309 4508 1455 4569 aad]
1518 4523 1603 4556 sar
1623 4510 1818 4556 tandem
1841 4507 2139 4554 humandum
2155 4507 2356 4553 curavit.
2457 4526 2466 4536 ·

252 4571 434 4630 Nempe
453 4571 738 4619 munitiones
755 4572 804 4618 in
815 4571 939 4633 jugo
955 4571 1096 4633 dirigi
1114 4569 1454 4619 aCoesarianis.
1580 4573 1660 4618 31.
1695 4568 1927 4626 Lusitani,
1948 4567 2031 4630 qui
2051 4580 2112 4615 ex
2127 4569 2334 4641 pugna]
2361 4568 2542 4629 Supple
2557 4570 2732 4619 tumul·

309 4636 383 4681 20.
419 4633 743 4696 Pmnpet'us,ul
757 4648 901 4698 supra
914 4632 1451 4692 damnauerat-ammu—
1515 4635 1676 4684 ema
1697 4633 1760 4680 ad
1784 4631 2025 4694 Hispalim
2044 4645 2284 4679 masna
2303 4631 2647 4696 superfiaemnt.

254 4695 377 4767 eius]
426 4696 607 4746 Locum
631 4698 757 4748 hunc
782 4697 1033 4760 Appianu-
1055 4697 1289 4746 illustrat:
1326 4695 1451 4747 css·
1575 4698 1655 4746 42.
1689 4694 1867 4746 Didia
1884 4693 2066 4758 magna
2084 4708 2190 4745 eum
2205 4693 2418 4762 rumai
2483 4694 2728 4756 Patmos.
