<?xml version="1.0" encoding="UTF-8"?>
<!DOCTYPE html PUBLIC "-//W3C//DTD XHTML 1.0 Transitional//EN"
    "http://www.w3.org/TR/xhtml1/DTD/xhtml1-transitional.dtd">
<html xmlns="http://www.w3.org/1999/xhtml" xml:lang="en" lang="en">
 <head>
  <title>
</title>
<meta http-equiv="Content-Type" content="text/html;charset=utf-8" />
  <meta name='ocr-system' content='tesseract 3.04.00' />
  <meta name='ocr-capabilities' content='ocr_page ocr_carea ocr_par ocr_line ocrx_word'/>
</head>
<body>
  <div class='ocr_page' id='page_1' title='image "./cjuliicaesarisq00celsgoog_0378.png"; bbox 0 0 3059 5050; ppageno 0'>
   <div class='ocr_carea' id='block_1_1' title="bbox 463 252 2730 331">
    <p class='ocr_par' dir='ltr' id='par_1_1' title="bbox 463 252 2730 331">
     <span class='ocr_line' id='line_1_1' title="bbox 463 252 2730 331; baseline 0.004 -10"><span class='ocrx_word' id='word_1_1' title='bbox 463 258 588 321; x_wconf 63' lang='lat' dir='ltr'>m</span> <span class='ocrx_word' id='word_1_2' title='bbox 1474 252 1884 323; x_wconf 47' lang='lat' dir='ltr'>smum</span> <span class='ocrx_word' id='word_1_3' title='bbox 2699 310 2730 331; x_wconf 45' lang='lat' dir='ltr'>s</span> 
     </span>
    </p>
   </div>
   <div class='ocr_carea' id='block_1_2' title="bbox 454 401 2904 3959">
    <p class='ocr_par' dir='ltr' id='par_1_2' title="bbox 461 401 2902 1732">
     <span class='ocr_line' id='line_1_2' title="bbox 543 401 2898 490; baseline 0.002 -24"><span class='ocrx_word' id='word_1_4' title='bbox 543 404 826 488; x_wconf 79' lang='lat' dir='ltr'>quaedam</span> <span class='ocrx_word' id='word_1_5' title='bbox 856 425 980 467; x_wconf 87' lang='lat' dir='ltr'>non</span> <span class='ocrx_word' id='word_1_6' title='bbox 1012 402 1266 487; x_wconf 72' lang='lat' dir='ltr'>amplius</span> <span class='ocrx_word' id='word_1_7' title='bbox 1296 401 1458 465; x_wconf 87' lang='lat' dir='ltr'>mille</span> <span class='ocrx_word' id='word_1_8' title='bbox 1483 416 1547 465; x_wconf 85' lang='lat' dir='ltr'>et</span> <span class='ocrx_word' id='word_1_9' title='bbox 1573 404 1932 486; x_wconf 71' lang='lat' dir='ltr'>quingentos</span> <span class='ocrx_word' id='word_1_10' title='bbox 1954 423 2162 489; x_wconf 80' lang='lat' dir='ltr'>passus</span> <span class='ocrx_word' id='word_1_11' title='bbox 2179 404 2538 469; x_wconf 63' lang='lat' dir='ltr'>hammum·</span> <span class='ocrx_word' id='word_1_12' title='bbox 2579 424 2732 490; x_wconf 71' lang='lat' dir='ltr'>qus</span> <span class='ocrx_word' id='word_1_13' title='bbox 2755 403 2898 471; x_wconf 64' lang='lat' dir='ltr'>Sd·</span> 
     </span>
     <span class='ocr_line' id='line_1_3' title="bbox 544 487 2895 572; baseline 0.002 -22"><span class='ocrx_word' id='word_1_14' title='bbox 544 490 649 572; x_wconf 89' lang='lat' dir='ltr'>pio</span> <span class='ocrx_word' id='word_1_15' title='bbox 681 490 921 566; x_wconf 80' lang='lat' dir='ltr'>intrare,</span> <span class='ocrx_word' id='word_1_16' title='bbox 950 503 1009 550; x_wconf 91' lang='lat' dir='ltr'>et</span> <span class='ocrx_word' id='word_1_17' title='bbox 1030 487 1171 549; x_wconf 84' lang='lat' dir='ltr'>Tha</span> <span class='ocrx_word' id='word_1_18' title='bbox 1216 488 1420 551; x_wconf 83' lang='lat' dir='ltr'>sitanis</span> <span class='ocrx_word' id='word_1_19' title='bbox 1450 489 1743 550; x_wconf 76' lang='lat' dir='ltr'>auxilium</span> <span class='ocrx_word' id='word_1_20' title='bbox 1797 488 1948 551; x_wconf 82' lang='lat' dir='ltr'>ferre</span> <span class='ocrx_word' id='word_1_21' title='bbox 1999 492 2372 552; x_wconf 83' lang='lat' dir='ltr'>conabatur:</span> <span class='ocrx_word' id='word_1_22' title='bbox 2415 490 2578 572; x_wconf 89' lang='lat' dir='ltr'>quod</span> <span class='ocrx_word' id='word_1_23' title='bbox 2624 490 2895 555; x_wconf 78' lang='lat' dir='ltr'>futurum</span> 
     </span>
     <span class='ocr_line' id='line_1_4' title="bbox 545 570 2894 656; baseline 0.001 -20"><span class='ocrx_word' id='word_1_24' title='bbox 545 572 857 636; x_wconf 77' lang='lat' dir='ltr'>Caesarem</span> <span class='ocrx_word' id='word_1_25' title='bbox 890 595 1009 635; x_wconf 87' lang='lat' dir='ltr'>non</span> <span class='ocrx_word' id='word_1_26' title='bbox 1040 573 1170 634; x_wconf 83' lang='lat' dir='ltr'>fesel</span> <span class='ocrx_word' id='word_1_27' title='bbox 1194 586 1340 634; x_wconf 84' lang='lat' dir='ltr'>erat.</span> <span class='ocrx_word' id='word_1_28' title='bbox 1425 570 1711 655; x_wconf 85' lang='lat' dir='ltr'>Namque</span> <span class='ocrx_word' id='word_1_29' title='bbox 1757 573 1950 656; x_wconf 80' lang='lat' dir='ltr'>pridie</span> <span class='ocrx_word' id='word_1_30' title='bbox 1993 573 2056 634; x_wconf 86' lang='lat' dir='ltr'>in</span> <span class='ocrx_word' id='word_1_31' title='bbox 2098 595 2172 636; x_wconf 90' lang='lat' dir='ltr'>eo</span> <span class='ocrx_word' id='word_1_32' title='bbox 2198 575 2335 636; x_wconf 89' lang='lat' dir='ltr'>loco</span> <span class='ocrx_word' id='word_1_33' title='bbox 2364 575 2605 637; x_wconf 84' lang='lat' dir='ltr'>castello</span> <span class='ocrx_word' id='word_1_34' title='bbox 2637 579 2894 652; x_wconf 87' lang='lat' dir='ltr'>munito,</span> 
     </span>
     <span class='ocr_line' id='line_1_5' title="bbox 545 657 2897 742; baseline 0.002 -24.002"><span class='ocrx_word' id='word_1_35' title='bbox 545 657 748 740; x_wconf 89' lang='lat' dir='ltr'>ibique</span> <span class='ocrx_word' id='word_1_36' title='bbox 777 659 933 719; x_wconf 89' lang='lat' dir='ltr'>trino</span> <span class='ocrx_word' id='word_1_37' title='bbox 974 657 1257 740; x_wconf 82' lang='lat' dir='ltr'>praesidio</span> <span class='ocrx_word' id='word_1_38' title='bbox 1288 657 1512 733; x_wconf 87' lang='lat' dir='ltr'>relict0,</span> <span class='ocrx_word' id='word_1_39' title='bbox 1565 658 1693 740; x_wconf 87' lang='lat' dir='ltr'>ipse</span> <span class='ocrx_word' id='word_1_40' title='bbox 1720 679 1859 719; x_wconf 89' lang='lat' dir='ltr'>cum</span> <span class='ocrx_word' id='word_1_41' title='bbox 1891 657 2129 740; x_wconf 85' lang='lat' dir='ltr'>reliquis</span> <span class='ocrx_word' id='word_1_42' title='bbox 2179 660 2366 742; x_wconf 86' lang='lat' dir='ltr'>copiis</span> <span class='ocrx_word' id='word_1_43' title='bbox 2418 660 2634 721; x_wconf 86' lang='lat' dir='ltr'>lunatis</span> <span class='ocrx_word' id='word_1_44' title='bbox 2678 663 2897 723; x_wconf 83' lang='lat' dir='ltr'>castris</span> 
     </span>
     <span class='ocr_line' id='line_1_6' title="bbox 461 739 2896 828; baseline 0.001 -24"><span class='ocrx_word' id='word_1_45' title='bbox 461 746 500 804; x_wconf 77' lang='lat'>5</span> <span class='ocrx_word' id='word_1_46' title='bbox 544 739 859 826; x_wconf 79' lang='lat' dir='ltr'><strong>Thapsum</strong></span> <span class='ocrx_word' id='word_1_47' title='bbox 885 743 1167 825; x_wconf 78' lang='lat' dir='ltr'>operibus</span> <span class='ocrx_word' id='word_1_48' title='bbox 1189 742 1692 805; x_wconf 83' lang='lat' dir='ltr'>circumtnunivit.</span> <span class='ocrx_word' id='word_1_49' title='bbox 1739 742 1984 825; x_wconf 84' lang='lat' dir='ltr'>Scipio</span> <span class='ocrx_word' id='word_1_50' title='bbox 1969 743 2201 805; x_wconf 77' lang='lat' dir='ltr'>interim</span> <span class='ocrx_word' id='word_1_51' title='bbox 2226 743 2501 807; x_wconf 83' lang='lat' dir='ltr'>exclusus</span> <span class='ocrx_word' id='word_1_52' title='bbox 2526 745 2636 806; x_wconf 84' lang='lat' dir='ltr'>ab</span> <span class='ocrx_word' id='word_1_53' title='bbox 2624 760 2896 828; x_wconf 81' lang='lat' dir='ltr'>mcoepto</span> 
     </span>
     <span class='ocr_line' id='line_1_7' title="bbox 545 826 2898 909; baseline 0.002 -23"><span class='ocrx_word' id='word_1_54' title='bbox 545 827 771 901; x_wconf 85' lang='lat' dir='ltr'>itinere,</span> <span class='ocrx_word' id='word_1_55' title='bbox 803 846 983 909; x_wconf 87' lang='lat' dir='ltr'>supra</span> <span class='ocrx_word' id='word_1_56' title='bbox 1012 841 1289 907; x_wconf 77' lang='lat' dir='ltr'>stagnum</span> <span class='ocrx_word' id='word_1_57' title='bbox 1322 840 1563 909; x_wconf 83' lang='lat' dir='ltr'>postero</span> <span class='ocrx_word' id='word_1_58' title='bbox 1590 826 1689 888; x_wconf 90' lang='lat' dir='ltr'>die</span> <span class='ocrx_word' id='word_1_59' title='bbox 1711 842 1771 890; x_wconf 88' lang='lat' dir='ltr'>et</span> <span class='ocrx_word' id='word_1_60' title='bbox 1794 841 1969 889; x_wconf 88' lang='lat' dir='ltr'>nocte</span> <span class='ocrx_word' id='word_1_61' title='bbox 1991 827 2280 903; x_wconf 80' lang='lat' dir='ltr'>confecta,</span> <span class='ocrx_word' id='word_1_62' title='bbox 2300 827 2456 890; x_wconf 88' lang='lat' dir='ltr'>coelo</span> <span class='ocrx_word' id='word_1_63' title='bbox 2480 829 2738 906; x_wconf 84' lang='lat' dir='ltr'>albente,</span> <span class='ocrx_word' id='word_1_64' title='bbox 2768 851 2898 891; x_wconf 76' lang='lat' dir='ltr'>non</span> 
     </span>
     <span class='ocr_line' id='line_1_8' title="bbox 542 911 2895 994; baseline 0.001 -22"><span class='ocrx_word' id='word_1_65' title='bbox 542 911 778 991; x_wconf 85' lang='lat' dir='ltr'>longe</span> <span class='ocrx_word' id='word_1_66' title='bbox 758 932 796 972; x_wconf 86' lang='lat' dir='ltr'>a</span> <span class='ocrx_word' id='word_1_67' title='bbox 820 913 1051 987; x_wconf 89' lang='lat' dir='ltr'>castris,</span> <span class='ocrx_word' id='word_1_68' title='bbox 1082 911 1505 993; x_wconf 63' lang='lat' dir='ltr'>praesidioque,</span> <span class='ocrx_word' id='word_1_69' title='bbox 1536 912 1700 992; x_wconf 85' lang='lat' dir='ltr'>quod</span> <span class='ocrx_word' id='word_1_70' title='bbox 1743 932 1924 994; x_wconf 87' lang='lat' dir='ltr'>supra</span> <span class='ocrx_word' id='word_1_71' title='bbox 1951 913 2568 989; x_wconf 84' lang='lat' dir='ltr'>commemoravimus,</span> <span class='ocrx_word' id='word_1_72' title='bbox 2612 913 2774 975; x_wconf 88' lang='lat' dir='ltr'>mille</span> <span class='ocrx_word' id='word_1_73' title='bbox 2829 935 2895 975; x_wconf 82' lang='lat' dir='ltr'>n.</span> 
     </span>
     <span class='ocr_line' id='line_1_9' title="bbox 540 995 2898 1081; baseline 0.001 -24"><span class='ocrx_word' id='word_1_74' title='bbox 540 996 834 1077; x_wconf 86' lang='lat' dir='ltr'>passibus,</span> <span class='ocrx_word' id='word_1_75' title='bbox 867 995 944 1056; x_wconf 90' lang='lat' dir='ltr'>ad</span> <span class='ocrx_word' id='word_1_76' title='bbox 972 1016 1136 1056; x_wconf 90' lang='lat' dir='ltr'>mare</span> <span class='ocrx_word' id='word_1_77' title='bbox 1166 1017 1369 1057; x_wconf 89' lang='lat' dir='ltr'>versus</span> <span class='ocrx_word' id='word_1_78' title='bbox 1399 995 1687 1070; x_wconf 79' lang='lat' dir='ltr'>consedit,</span> <span class='ocrx_word' id='word_1_79' title='bbox 1711 1010 1769 1057; x_wconf 88' lang='lat' dir='ltr'>et</span> <span class='ocrx_word' id='word_1_80' title='bbox 1791 1010 1987 1057; x_wconf 83' lang='lat' dir='ltr'>castra</span> <span class='ocrx_word' id='word_1_81' title='bbox 2005 997 2238 1059; x_wconf 88' lang='lat' dir='ltr'>munire</span> <span class='ocrx_word' id='word_1_82' title='bbox 2266 997 2468 1080; x_wconf 88' lang='lat' dir='ltr'>coepit.</span> <span class='ocrx_word' id='word_1_83' title='bbox 2513 996 2699 1079; x_wconf 79' lang='lat' dir='ltr'>Quod</span> <span class='ocrx_word' id='word_1_84' title='bbox 2727 1013 2898 1081; x_wconf 84' lang='lat' dir='ltr'>post·</span> 
     </span>
     <span class='ocr_line' id='line_1_10' title="bbox 582 1077 2898 1179; baseline 0.002 -39"><span class='ocrx_word' id='word_1_85' title='bbox 582 1100 720 1141; x_wconf 84' lang='lat' dir='ltr'>uam</span> <span class='ocrx_word' id='word_1_86' title='bbox 754 1077 990 1141; x_wconf 76' lang='lat' dir='ltr'>Caesari</span> <span class='ocrx_word' id='word_1_87' title='bbox 1016 1080 1350 1142; x_wconf 85' lang='lat' dir='ltr'>nuntiatum</span> <span class='ocrx_word' id='word_1_88' title='bbox 1372 1094 1479 1156; x_wconf 89' lang='lat' dir='ltr'>est,</span> <span class='ocrx_word' id='word_1_89' title='bbox 1500 1079 1715 1142; x_wconf 79' lang='lat' dir='ltr'>milites</span> <span class='ocrx_word' id='word_1_90' title='bbox 1740 1081 1817 1142; x_wconf 90' lang='lat' dir='ltr'>ab</span> <span class='ocrx_word' id='word_1_91' title='bbox 1842 1101 2020 1162; x_wconf 86' lang='lat' dir='ltr'>opere</span> <span class='ocrx_word' id='word_1_92' title='bbox 2044 1081 2350 1179; x_wconf 80' lang='lat' dir='ltr'>deductos,</span> <span class='ocrx_word' id='word_1_93' title='bbox 2374 1084 2580 1147; x_wconf 71' lang='lat' dir='ltr'>castris</span> <span class='ocrx_word' id='word_1_94' title='bbox 2603 1083 2898 1164; x_wconf 83' lang='lat' dir='ltr'>praesidio</span> 
     </span>
     <span class='ocr_line' id='line_1_11' title="bbox 462 1164 2898 1262; baseline 0.002 -38"><span class='ocrx_word' id='word_1_95' title='bbox 462 1167 539 1224; x_wconf 84' lang='lat'>10</span> <span class='ocrx_word' id='word_1_96' title='bbox 599 1178 875 1246; x_wconf 86' lang='lat' dir='ltr'>sprenate</span> <span class='ocrx_word' id='word_1_97' title='bbox 903 1164 1261 1262; x_wconf 81' lang='lat' dir='ltr'>proconsule</span> <span class='ocrx_word' id='word_1_98' title='bbox 1285 1182 1422 1225; x_wconf 88' lang='lat' dir='ltr'>cum</span> <span class='ocrx_word' id='word_1_99' title='bbox 1452 1164 1793 1246; x_wconf 80' lang='lat' dir='ltr'>legionibus</span> <span class='ocrx_word' id='word_1_100' title='bbox 1825 1185 1895 1226; x_wconf 92' lang='grc' dir='ltr'>ιι.</span> <span class='ocrx_word' id='word_1_101' title='bbox 1923 1164 2148 1242; x_wconf 86' lang='lat' dir='ltr'>relicto,</span> <span class='ocrx_word' id='word_1_102' title='bbox 2173 1167 2299 1248; x_wconf 84' lang='lat' dir='ltr'>ipse</span> <span class='ocrx_word' id='word_1_103' title='bbox 2322 1187 2457 1228; x_wconf 86' lang='lat' dir='ltr'>cum</span> <span class='ocrx_word' id='word_1_104' title='bbox 2484 1166 2765 1249; x_wconf 83' lang='lat' dir='ltr'>expedita</span> <span class='ocrx_word' id='word_1_105' title='bbox 2789 1189 2898 1228; x_wconf 91' lang='lat' dir='ltr'>co—</span> 
     </span>
     <span class='ocr_line' id='line_1_12' title="bbox 541 1248 2898 1393; baseline 0.003 -86"><span class='ocrx_word' id='word_1_106' title='bbox 541 1249 673 1393; x_wconf 60' lang='lat' dir='ltr'>flia</span> <span class='ocrx_word' id='word_1_107' title='bbox 672 1248 732 1309; x_wconf 89' lang='lat' dir='ltr'>in</span> <span class='ocrx_word' id='word_1_108' title='bbox 763 1269 897 1309; x_wconf 90' lang='lat' dir='ltr'>eum</span> <span class='ocrx_word' id='word_1_109' title='bbox 932 1248 1131 1310; x_wconf 91' lang='lat' dir='ltr'>locum</span> <span class='ocrx_word' id='word_1_110' title='bbox 1159 1250 1384 1310; x_wconf 85' lang='lat' dir='ltr'>citatim</span> <span class='ocrx_word' id='word_1_111' title='bbox 1412 1249 1759 1327; x_wconf 79' lang='lat' dir='ltr'>contendit3</span> <span class='ocrx_word' id='word_1_112' title='bbox 1802 1248 2122 1331; x_wconf 78' lang='lat' dir='ltr'>classisque</span> <span class='ocrx_word' id='word_1_113' title='bbox 2147 1265 2313 1334; x_wconf 83' lang='lat' dir='ltr'>parte</span> <span class='ocrx_word' id='word_1_114' title='bbox 2343 1251 2418 1312; x_wconf 85' lang='lat' dir='ltr'>ad</span> <span class='ocrx_word' id='word_1_115' title='bbox 2449 1248 2765 1332; x_wconf 79' lang='lat' dir='ltr'>Thapsum</span> <span class='ocrx_word' id='word_1_116' title='bbox 2801 1274 2898 1314; x_wconf 86' lang='lat' dir='ltr'>re-</span> 
     </span>
     <span class='ocr_line' id='line_1_13' title="bbox 586 1333 2898 1432; baseline 0.002 -39"><span class='ocrx_word' id='word_1_117' title='bbox 586 1333 703 1409; x_wconf 85' lang='lat' dir='ltr'>cta,</span> <span class='ocrx_word' id='word_1_118' title='bbox 734 1333 992 1431; x_wconf 82' lang='lat' dir='ltr'>reliquas</span> <span class='ocrx_word' id='word_1_119' title='bbox 1017 1354 1199 1396; x_wconf 87' lang='lat' dir='ltr'>naves</span> <span class='ocrx_word' id='word_1_120' title='bbox 1215 1334 1390 1415; x_wconf 88' lang='lat' dir='ltr'>jubet</span> <span class='ocrx_word' id='word_1_121' title='bbox 1418 1348 1557 1417; x_wconf 86' lang='lat' dir='ltr'>post</span> <span class='ocrx_word' id='word_1_122' title='bbox 1584 1334 1841 1396; x_wconf 89' lang='lat' dir='ltr'>bostium</span> <span class='ocrx_word' id='word_1_123' title='bbox 1873 1348 2106 1432; x_wconf 77' lang='lat' dir='ltr'>tergum</span> <span class='ocrx_word' id='word_1_124' title='bbox 2131 1356 2308 1416; x_wconf 79' lang='lat' dir='ltr'>quam</span> <span class='ocrx_word' id='word_1_125' title='bbox 2331 1335 2594 1397; x_wconf 76' lang='lat' dir='ltr'>maxime</span> <span class='ocrx_word' id='word_1_126' title='bbox 2628 1335 2704 1396; x_wconf 87' lang='lat' dir='ltr'>ad</span> <span class='ocrx_word' id='word_1_127' title='bbox 2731 1335 2898 1398; x_wconf 85' lang='lat' dir='ltr'>littus</span> 
     </span>
     <span class='ocr_line' id='line_1_14' title="bbox 540 1418 2902 1517; baseline 0.003 -41"><span class='ocrx_word' id='word_1_128' title='bbox 540 1418 784 1499; x_wconf 80' lang='lat' dir='ltr'>appelli,</span> <span class='ocrx_word' id='word_1_129' title='bbox 817 1418 1176 1499; x_wconf 78' lang='lat' dir='ltr'>signumque</span> <span class='ocrx_word' id='word_1_130' title='bbox 1205 1440 1377 1480; x_wconf 89' lang='lat' dir='ltr'>suum</span> <span class='ocrx_word' id='word_1_131' title='bbox 1409 1419 1769 1480; x_wconf 84' lang='lat' dir='ltr'>observ·are</span> <span class='ocrx_word' id='word_1_132' title='bbox 1750 1463 1771 1517; x_wconf 75' lang='lat'>‚⁹</span> <span class='ocrx_word' id='word_1_133' title='bbox 1816 1439 1938 1501; x_wconf 90' lang='lat' dir='ltr'>quo</span> <span class='ocrx_word' id='word_1_134' title='bbox 1987 1420 2162 1499; x_wconf 81' lang='lat' dir='ltr'>signo</span> <span class='ocrx_word' id='word_1_135' title='bbox 2206 1420 2369 1495; x_wconf 85' lang='lat' dir='ltr'>dato,</span> <span class='ocrx_word' id='word_1_136' title='bbox 2400 1420 2597 1481; x_wconf 86' lang='lat' dir='ltr'>subito</span> <span class='ocrx_word' id='word_1_137' title='bbox 2626 1419 2902 1483; x_wconf 84' lang='lat' dir='ltr'>clamore</span> 
     </span>
     <span class='ocr_line' id='line_1_15' title="bbox 542 1500 2902 1587; baseline 0.002 -25.051"><span class='ocrx_word' id='word_1_138' title='bbox 542 1500 723 1578; x_wconf 82' lang='lat' dir='ltr'>facto,</span> <span class='ocrx_word' id='word_1_139' title='bbox 754 1522 829 1563; x_wconf 82' lang='lat' dir='ltr'>ex</span> <span class='ocrx_word' id='word_1_140' title='bbox 863 1504 1193 1584; x_wconf 81' lang='lat' dir='ltr'>improviso</span> <span class='ocrx_word' id='word_1_141' title='bbox 1217 1503 1482 1564; x_wconf 76' lang='lat' dir='ltr'>hostibus</span> <span class='ocrx_word' id='word_1_142' title='bbox 1507 1503 1730 1564; x_wconf 87' lang='lat' dir='ltr'>aversis</span> <span class='ocrx_word' id='word_1_143' title='bbox 1747 1502 2081 1565; x_wconf 84' lang='lat' dir='ltr'>incuterent</span> <span class='ocrx_word' id='word_1_144' title='bbox 2103 1517 2434 1583; x_wconf 78' lang='lat' dir='ltr'>terrorem3</span> <span class='ocrx_word' id='word_1_145' title='bbox 2479 1519 2542 1565; x_wconf 90' lang='lat' dir='ltr'>ut</span> <span class='ocrx_word' id='word_1_146' title='bbox 2563 1505 2902 1587; x_wconf 77' lang='lat' dir='ltr'>perturbati</span> 
     </span>
     <span class='ocr_line' id='line_1_16' title="bbox 463 1587 2021 1753; baseline 0.001 -107"><span class='ocrx_word' id='word_1_147' title='bbox 463 1590 615 1648; x_wconf 81' lang='lat' dir='ltr'>15ac</span> <span class='ocrx_word' id='word_1_148' title='bbox 624 1608 905 1733; x_wconf 49' lang='lat' dir='ltr'>I}</span> <span class='ocrx_word' id='word_1_149' title='bbox 724 1587 941 1648; x_wconf 88' lang='lat' dir='ltr'>rterriti</span> <span class='ocrx_word' id='word_1_150' title='bbox 955 1588 1267 1753; x_wconf 80' lang='lat' dir='ltr'>respicere</span> <span class='ocrx_word' id='word_1_151' title='bbox 1298 1602 1433 1671; x_wconf 90' lang='lat' dir='ltr'>post</span> <span class='ocrx_word' id='word_1_152' title='bbox 1456 1601 1628 1669; x_wconf 85' lang='lat' dir='ltr'>terga</span> <span class='ocrx_word' id='word_1_153' title='bbox 1646 1601 2021 1668; x_wconf 82' lang='lat' dir='ltr'>cogerentur.</span> 
     </span>
    </p>

    <p class='ocr_par' dir='ltr' id='par_1_3' title="bbox 541 1670 2904 2008">
     <span class='ocr_line' id='line_1_17' title="bbox 955 1670 2904 1757; baseline 0.001 -24.036"><span class='ocrx_word' id='word_1_154' title='bbox 955 1670 1099 1753; x_wconf 75' lang='lat' dir='ltr'>Quo</span> <span class='ocrx_word' id='word_1_155' title='bbox 1123 1688 1442 1755; x_wconf 81' lang='lat' dir='ltr'>postquam</span> <span class='ocrx_word' id='word_1_156' title='bbox 1470 1673 1686 1733; x_wconf 84' lang='lat' dir='ltr'>Caesar</span> <span class='ocrx_word' id='word_1_157' title='bbox 1715 1672 2001 1755; x_wconf 85' lang='lat' dir='ltr'>pervenit,</span> <span class='ocrx_word' id='word_1_158' title='bbox 2032 1684 2090 1734; x_wconf 92' lang='lat' dir='ltr'>et</span> <span class='ocrx_word' id='word_1_159' title='bbox 2118 1672 2538 1735; x_wconf 82' lang='lat' dir='ltr'>animadvertit</span> <span class='ocrx_word' id='word_1_160' title='bbox 2563 1673 2757 1734; x_wconf 78' lang='lat' dir='ltr'>aciem</span> <span class='ocrx_word' id='word_1_161' title='bbox 2787 1694 2904 1757; x_wconf 79' lang='lat' dir='ltr'>pro</span> 
     </span>
     <span class='ocr_line' id='line_1_18' title="bbox 541 1755 2904 1856; baseline 0.003 -41"><span class='ocrx_word' id='word_1_162' title='bbox 541 1755 704 1816; x_wconf 81' lang='lat' dir='ltr'>vallo</span> <span class='ocrx_word' id='word_1_163' title='bbox 750 1756 1073 1840; x_wconf 85' lang='lat' dir='ltr'>Scipionis,</span> <span class='ocrx_word' id='word_1_164' title='bbox 1098 1756 1567 1841; x_wconf 76' lang='lat' dir='ltr'>elephantosque</span> <span class='ocrx_word' id='word_1_165' title='bbox 1609 1757 1824 1819; x_wconf 79' lang='lat' dir='ltr'>dextro</span> <span class='ocrx_word' id='word_1_166' title='bbox 1853 1757 2208 1856; x_wconf 79' lang='lat' dir='ltr'>sinistroque</span> <span class='ocrx_word' id='word_1_167' title='bbox 2235 1777 2424 1819; x_wconf 89' lang='lat' dir='ltr'>cornu</span> <span class='ocrx_word' id='word_1_168' title='bbox 2454 1756 2808 1833; x_wconf 79' lang='lat' dir='ltr'>collocatos,</span> <span class='ocrx_word' id='word_1_169' title='bbox 2840 1773 2904 1821; x_wconf 89' lang='lat' dir='ltr'>et</span> 
     </span>
     <span class='ocr_line' id='line_1_19' title="bbox 544 1841 2904 1925; baseline 0.002 -24"><span class='ocrx_word' id='word_1_170' title='bbox 544 1841 930 1902; x_wconf 85' lang='lat' dir='ltr'>nihilominus</span> <span class='ocrx_word' id='word_1_171' title='bbox 956 1854 1184 1925; x_wconf 86' lang='lat' dir='ltr'>partem</span> <span class='ocrx_word' id='word_1_172' title='bbox 1217 1841 1470 1904; x_wconf 89' lang='lat' dir='ltr'>militum</span> <span class='ocrx_word' id='word_1_173' title='bbox 1518 1856 1717 1903; x_wconf 85' lang='lat' dir='ltr'>castra</span> <span class='ocrx_word' id='word_1_174' title='bbox 1763 1862 1884 1903; x_wconf 89' lang='lat' dir='ltr'>non</span> <span class='ocrx_word' id='word_1_175' title='bbox 1932 1841 2227 1923; x_wconf 81' lang='lat' dir='ltr'>ignaviter</span> <span class='ocrx_word' id='word_1_176' title='bbox 2273 1843 2546 1919; x_wconf 88' lang='lat' dir='ltr'>munire;</span> <span class='ocrx_word' id='word_1_177' title='bbox 2591 1841 2719 1924; x_wconf 90' lang='lat' dir='ltr'>ipse</span> <span class='ocrx_word' id='word_1_178' title='bbox 2769 1844 2904 1906; x_wconf 85' lang='lat' dir='ltr'>acie</span> 
     </span>
     <span class='ocr_line' id='line_1_20' title="bbox 541 1924 2903 2008; baseline 0.001 -23"><span class='ocrx_word' id='word_1_179' title='bbox 541 1924 761 2008; x_wconf 86' lang='lat' dir='ltr'>triplici</span> <span class='ocrx_word' id='word_1_180' title='bbox 786 1926 1103 2003; x_wconf 66' lang='lat' dir='ltr'>collocati,</span> <span class='ocrx_word' id='word_1_181' title='bbox 1136 1926 1374 2007; x_wconf 83' lang='lat' dir='ltr'>legione</span> <span class='ocrx_word' id='word_1_182' title='bbox 1403 1948 1459 1988; x_wconf 79' lang='lat' dir='ltr'>x.</span> <span class='ocrx_word' id='word_1_183' title='bbox 1491 1926 1871 2007; x_wconf 84' lang='lat' dir='ltr'>secundaque</span> <span class='ocrx_word' id='word_1_184' title='bbox 1899 1926 2113 1989; x_wconf 82' lang='lat' dir='ltr'>dextro</span> <span class='ocrx_word' id='word_1_185' title='bbox 2135 1947 2346 2003; x_wconf 86' lang='lat' dir='ltr'>cornu,</span> <span class='ocrx_word' id='word_1_186' title='bbox 2371 1940 2598 1987; x_wconf 81' lang='lat' dir='ltr'>v111.et</span> <span class='ocrx_word' id='word_1_187' title='bbox 2621 1946 2706 1987; x_wconf 79' lang='grc' dir='ltr'><strong>ιιι.</strong></span> <span class='ocrx_word' id='word_1_188' title='bbox 2727 1927 2903 1988; x_wconf 86' lang='lat' dir='ltr'>sinis-</span> 
     </span>
    </p>

    <p class='ocr_par' dir='ltr' id='par_1_4' title="bbox 454 2011 2904 3959">
     <span class='ocr_line' id='line_1_21' title="bbox 458 2011 2902 2094; baseline 0.001 -24"><span class='ocrx_word' id='word_1_189' title='bbox 458 2013 656 2086; x_wconf 66' lang='lat' dir='ltr'>zotto,</span> <span class='ocrx_word' id='word_1_190' title='bbox 689 2011 979 2093; x_wconf 89' lang='lat' dir='ltr'>oppositis</span> <span class='ocrx_word' id='word_1_191' title='bbox 1011 2032 1067 2072; x_wconf 80' lang='lat' dir='ltr'>v.</span> <span class='ocrx_word' id='word_1_192' title='bbox 1099 2011 1485 2091; x_wconf 81' lang='lat' dir='ltr'>legionibus</span> <span class='ocrx_word' id='word_1_193' title='bbox 1472 2033 1533 2072; x_wconf 88' lang='grc' dir='ltr'>ιιι</span> <span class='ocrx_word' id='word_1_194' title='bbox 1565 2011 1780 2093; x_wconf 82' lang='lat' dir='ltr'>quarta</span> <span class='ocrx_word' id='word_1_195' title='bbox 1808 2011 1959 2087; x_wconf 83' lang='lat' dir='ltr'>acie,</span> <span class='ocrx_word' id='word_1_196' title='bbox 1984 2024 2121 2072; x_wconf 78' lang='lat' dir='ltr'>ante</span> <span class='ocrx_word' id='word_1_197' title='bbox 2152 2011 2283 2094; x_wconf 84' lang='lat' dir='ltr'>ipsa</span> <span class='ocrx_word' id='word_1_198' title='bbox 2312 2031 2539 2072; x_wconf 85' lang='lat' dir='ltr'>cornua</span> <span class='ocrx_word' id='word_1_199' title='bbox 2569 2011 2766 2093; x_wconf 84' lang='lat' dir='ltr'>quinis</span> <span class='ocrx_word' id='word_1_200' title='bbox 2799 2032 2902 2073; x_wconf 89' lang='lat' dir='ltr'>eo-</span> 
     </span>
     <span class='ocr_line' id='line_1_22' title="bbox 542 2095 2903 2178; baseline 0.001 -22"><span class='ocrx_word' id='word_1_201' title='bbox 542 2095 815 2157; x_wconf 83' lang='lat' dir='ltr'>hortibus</span> <span class='ocrx_word' id='word_1_202' title='bbox 862 2108 1075 2157; x_wconf 83' lang='lat' dir='ltr'>contra</span> <span class='ocrx_word' id='word_1_203' title='bbox 1125 2096 1344 2157; x_wconf 80' lang='lat' dir='ltr'>bestias</span> <span class='ocrx_word' id='word_1_204' title='bbox 1374 2096 1706 2171; x_wconf 81' lang='lat' dir='ltr'>collocatis,</span> <span class='ocrx_word' id='word_1_205' title='bbox 1738 2095 2080 2176; x_wconf 87' lang='lat' dir='ltr'>sagittariis,</span> <span class='ocrx_word' id='word_1_206' title='bbox 2111 2095 2554 2157; x_wconf 87' lang='lat' dir='ltr'>funditoribus</span> <span class='ocrx_word' id='word_1_207' title='bbox 2541 2116 2601 2156; x_wconf 86' lang='grc' dir='ltr'>ιιι</span> <span class='ocrx_word' id='word_1_208' title='bbox 2633 2095 2903 2178; x_wconf 87' lang='lat' dir='ltr'>utrisque</span> 
     </span>
     <span class='ocr_line' id='line_1_23' title="bbox 542 2179 2903 2264; baseline 0.001 -24"><span class='ocrx_word' id='word_1_209' title='bbox 542 2180 826 2241; x_wconf 88' lang='lat' dir='ltr'>cornibus</span> <span class='ocrx_word' id='word_1_210' title='bbox 856 2180 1177 2264; x_wconf 80' lang='lat' dir='ltr'>dispositis,</span> <span class='ocrx_word' id='word_1_211' title='bbox 1206 2180 1440 2264; x_wconf 86' lang='lat' dir='ltr'>levique</span> <span class='ocrx_word' id='word_1_212' title='bbox 1465 2180 1770 2243; x_wconf 81' lang='lat' dir='ltr'>armatura</span> <span class='ocrx_word' id='word_1_213' title='bbox 1799 2181 1953 2241; x_wconf 88' lang='lat' dir='ltr'>iuter</span> <span class='ocrx_word' id='word_1_214' title='bbox 1979 2181 2206 2260; x_wconf 89' lang='lat' dir='ltr'>equites</span> <span class='ocrx_word' id='word_1_215' title='bbox 2232 2179 2559 2260; x_wconf 82' lang='lat' dir='ltr'>interjecta,</span> <span class='ocrx_word' id='word_1_216' title='bbox 2585 2180 2711 2263; x_wconf 87' lang='lat' dir='ltr'>ipse</span> <span class='ocrx_word' id='word_1_217' title='bbox 2732 2181 2903 2263; x_wconf 84' lang='lat' dir='ltr'>pedi-</span> 
     </span>
     <span class='ocr_line' id='line_1_24' title="bbox 542 2264 2901 2347; baseline 0.001 -23"><span class='ocrx_word' id='word_1_218' title='bbox 542 2265 654 2326; x_wconf 90' lang='lat' dir='ltr'>bus</span> <span class='ocrx_word' id='word_1_219' title='bbox 684 2265 908 2325; x_wconf 84' lang='lat' dir='ltr'>circum</span> <span class='ocrx_word' id='word_1_220' title='bbox 942 2265 1156 2326; x_wconf 79' lang='lat' dir='ltr'>milites</span> <span class='ocrx_word' id='word_1_221' title='bbox 1185 2286 1570 2341; x_wconf 87' lang='lat' dir='ltr'>concursans,</span> <span class='ocrx_word' id='word_1_222' title='bbox 1601 2265 1962 2346; x_wconf 85' lang='lat' dir='ltr'>virtutesque</span> <span class='ocrx_word' id='word_1_223' title='bbox 1985 2279 2422 2340; x_wconf 84' lang='lat' dir='ltr'>veteranorum,</span> <span class='ocrx_word' id='word_1_224' title='bbox 2443 2264 2778 2347; x_wconf 83' lang='lat' dir='ltr'>proeliaque</span> <span class='ocrx_word' id='word_1_225' title='bbox 2803 2286 2901 2327; x_wconf 89' lang='lat' dir='ltr'>su-</span> 
     </span>
     <span class='ocr_line' id='line_1_25' title="bbox 618 2348 2900 2432; baseline 0.001 -22"><span class='ocrx_word' id='word_1_226' title='bbox 618 2350 779 2411; x_wconf 86' lang='lat' dir='ltr'>riora</span> <span class='ocrx_word' id='word_1_227' title='bbox 808 2370 1308 2427; x_wconf 88' lang='lat' dir='ltr'>commemorans,</span> <span class='ocrx_word' id='word_1_228' title='bbox 1332 2349 1678 2431; x_wconf 71' lang='lat' dir='ltr'>blandeque</span> <span class='ocrx_word' id='word_1_229' title='bbox 1707 2349 2037 2432; x_wconf 85' lang='lat' dir='ltr'>appellans,</span> <span class='ocrx_word' id='word_1_230' title='bbox 2064 2348 2295 2410; x_wconf 84' lang='lat' dir='ltr'>animos</span> <span class='ocrx_word' id='word_1_231' title='bbox 2322 2370 2530 2410; x_wconf 86' lang='lat' dir='ltr'>eorum</span> <span class='ocrx_word' id='word_1_232' title='bbox 2574 2351 2900 2412; x_wconf 78' lang='lat' dir='ltr'>excitabat.</span> 
     </span>
     <span class='ocr_line' id='line_1_26' title="bbox 454 2434 2900 2517; baseline 0 -22"><span class='ocrx_word' id='word_1_233' title='bbox 454 2437 537 2495; x_wconf 75' lang='lat'>25</span> <span class='ocrx_word' id='word_1_234' title='bbox 608 2436 803 2497; x_wconf 89' lang='lat' dir='ltr'>irones</span> <span class='ocrx_word' id='word_1_235' title='bbox 834 2448 1054 2512; x_wconf 87' lang='lat' dir='ltr'>autem,</span> <span class='ocrx_word' id='word_1_236' title='bbox 1087 2436 1189 2517; x_wconf 89' lang='lat' dir='ltr'>qui</span> <span class='ocrx_word' id='word_1_237' title='bbox 1221 2457 1527 2517; x_wconf 85' lang='lat' dir='ltr'>nunquam</span> <span class='ocrx_word' id='word_1_238' title='bbox 1559 2435 1622 2495; x_wconf 90' lang='lat' dir='ltr'>in</span> <span class='ocrx_word' id='word_1_239' title='bbox 1649 2435 1778 2496; x_wconf 88' lang='lat' dir='ltr'>acie</span> <span class='ocrx_word' id='word_1_240' title='bbox 1808 2434 2209 2511; x_wconf 78' lang='lat' dir='ltr'>dimicassent,</span> <span class='ocrx_word' id='word_1_241' title='bbox 2239 2435 2612 2509; x_wconf 80' lang='lat' dir='ltr'>hortabatur,</span> <span class='ocrx_word' id='word_1_242' title='bbox 2641 2448 2709 2495; x_wconf 92' lang='lat' dir='ltr'>ut</span> <span class='ocrx_word' id='word_1_243' title='bbox 2735 2448 2900 2496; x_wconf 79' lang='lat' dir='ltr'>vete-</span> 
     </span>
     <span class='ocr_line' id='line_1_27' title="bbox 542 2518 2900 2602; baseline 0 -21"><span class='ocrx_word' id='word_1_244' title='bbox 542 2541 828 2582; x_wconf 82' lang='lat' dir='ltr'>ranorum</span> <span class='ocrx_word' id='word_1_245' title='bbox 860 2521 1135 2582; x_wconf 85' lang='lat' dir='ltr'>virtutem</span> <span class='ocrx_word' id='word_1_246' title='bbox 1165 2519 1610 2596; x_wconf 70' lang='lat' dir='ltr'>aemularentur,</span> <span class='ocrx_word' id='word_1_247' title='bbox 1655 2541 1985 2602; x_wconf 88' lang='lat' dir='ltr'>eorumque</span> <span class='ocrx_word' id='word_1_248' title='bbox 2011 2519 2254 2596; x_wconf 81' lang='lat' dir='ltr'>famam,</span> <span class='ocrx_word' id='word_1_249' title='bbox 2289 2539 2527 2596; x_wconf 88' lang='lat' dir='ltr'>nomen,</span> <span class='ocrx_word' id='word_1_250' title='bbox 2559 2518 2900 2602; x_wconf 81' lang='lat' dir='ltr'>locumque,</span> 
     </span>
     <span class='ocr_line' id='line_1_28' title="bbox 538 2604 1688 2704; baseline 0.004 -42"><span class='ocrx_word' id='word_1_251' title='bbox 538 2604 796 2665; x_wconf 81' lang='lat' dir='ltr'>victoria</span> <span class='ocrx_word' id='word_1_252' title='bbox 870 2607 1018 2681; x_wconf 84' lang='lat' dir='ltr'>arta,</span> <span class='ocrx_word' id='word_1_253' title='bbox 1050 2621 1338 2704; x_wconf 68' lang='lat' dir='ltr'>cuperent</span> <span class='ocrx_word' id='word_1_254' title='bbox 1366 2605 1688 2689; x_wconf 87' lang='lat' dir='ltr'>possidere.</span> 
     </span>
     <span class='ocr_line' id='line_1_29' title="bbox 622 2627 2899 2771; baseline 0.002 -22.37"><span class='ocrx_word' id='word_1_255' title='bbox 622 2627 1018 2750; x_wconf 64' lang='lat' dir='ltr'><strong>LXX.XII</strong></span> <span class='ocrx_word' id='word_1_256' title='bbox 1008 2688 1145 2771; x_wconf 88' lang='lat' dir='ltr'>ltaq</span> <span class='ocrx_word' id='word_1_257' title='bbox 1148 2711 1222 2750; x_wconf 89' lang='lat' dir='ltr'>ue</span> <span class='ocrx_word' id='word_1_258' title='bbox 1269 2690 1329 2751; x_wconf 92' lang='lat' dir='ltr'>in</span> <span class='ocrx_word' id='word_1_259' title='bbox 1378 2689 1807 2751; x_wconf 86' lang='lat' dir='ltr'>circumeundo</span> <span class='ocrx_word' id='word_1_260' title='bbox 1853 2688 2202 2764; x_wconf 88' lang='lat' dir='ltr'>exercitum,</span> <span class='ocrx_word' id='word_1_261' title='bbox 2250 2687 2675 2752; x_wconf 75' lang='lat' dir='ltr'>animadvertit</span> <span class='ocrx_word' id='word_1_262' title='bbox 2705 2689 2899 2753; x_wconf 79' lang='lat' dir='ltr'>hostes</span> 
     </span>
     <span class='ocr_line' id='line_1_30' title="bbox 537 2771 2896 2856; baseline 0.002 -24"><span class='ocrx_word' id='word_1_263' title='bbox 537 2771 702 2832; x_wconf 86' lang='lat' dir='ltr'>circa</span> <span class='ocrx_word' id='word_1_264' title='bbox 722 2771 946 2834; x_wconf 85' lang='lat' dir='ltr'>vallum</span> <span class='ocrx_word' id='word_1_265' title='bbox 976 2774 1294 2856; x_wconf 86' lang='lat' dir='ltr'>trepidare,</span> <span class='ocrx_word' id='word_1_266' title='bbox 1308 2787 1486 2855; x_wconf 88' lang='lat' dir='ltr'>atque</span> <span class='ocrx_word' id='word_1_267' title='bbox 1504 2772 1660 2835; x_wconf 72' lang='lat' dir='ltr'>ultro</span> <span class='ocrx_word' id='word_1_268' title='bbox 1682 2773 1954 2853; x_wconf 74' lang='lat' dir='ltr'>citroque</span> <span class='ocrx_word' id='word_1_269' title='bbox 1975 2773 2226 2856; x_wconf 88' lang='lat' dir='ltr'>pavidos</span> <span class='ocrx_word' id='word_1_270' title='bbox 2243 2793 2624 2850; x_wconf 83' lang='lat' dir='ltr'>concursare,</span> <span class='ocrx_word' id='word_1_271' title='bbox 2635 2787 2698 2836; x_wconf 88' lang='lat' dir='ltr'>et</span> <span class='ocrx_word' id='word_1_272' title='bbox 2718 2775 2896 2837; x_wconf 82' lang='lat' dir='ltr'>modo</span> 
     </span>
     <span class='ocr_line' id='line_1_31' title="bbox 456 2857 2898 2960; baseline 0.001 -41"><span class='ocrx_word' id='word_1_273' title='bbox 456 2861 601 2919; x_wconf 74' lang='lat' dir='ltr'>Sose</span> <span class='ocrx_word' id='word_1_274' title='bbox 653 2857 810 2918; x_wconf 83' lang='lat' dir='ltr'>intra</span> <span class='ocrx_word' id='word_1_275' title='bbox 858 2871 1063 2941; x_wconf 83' lang='lat' dir='ltr'>portas</span> <span class='ocrx_word' id='word_1_276' title='bbox 1116 2858 1398 2942; x_wconf 87' lang='lat' dir='ltr'>recipere,</span> <span class='ocrx_word' id='word_1_277' title='bbox 1446 2857 1629 2920; x_wconf 76' lang='lat' dir='ltr'>modo</span> <span class='ocrx_word' id='word_1_278' title='bbox 1662 2858 2068 2920; x_wconf 88' lang='lat' dir='ltr'>inconstanter</span> <span class='ocrx_word' id='word_1_279' title='bbox 2095 2857 2609 2939; x_wconf 84' lang='lat' dir='ltr'>immoderateque</span> <span class='ocrx_word' id='word_1_280' title='bbox 2637 2861 2898 2960; x_wconf 74' lang='lat' dir='ltr'>prodire.</span> 
     </span>
     <span class='ocr_line' id='line_1_32' title="bbox 540 2940 2902 3041; baseline 0.002 -39"><span class='ocrx_word' id='word_1_281' title='bbox 540 2940 870 3023; x_wconf 75' lang='lat' dir='ltr'>Quumque</span> <span class='ocrx_word' id='word_1_282' title='bbox 916 2942 1075 3004; x_wconf 90' lang='lat' dir='ltr'>idem</span> <span class='ocrx_word' id='word_1_283' title='bbox 1129 2965 1167 3005; x_wconf 88' lang='lat' dir='ltr'>a</span> <span class='ocrx_word' id='word_1_284' title='bbox 1211 2943 1482 3026; x_wconf 88' lang='lat' dir='ltr'>pluribus</span> <span class='ocrx_word' id='word_1_285' title='bbox 1512 2943 1906 3005; x_wconf 82' lang='lat' dir='ltr'>animadverti</span> <span class='ocrx_word' id='word_1_286' title='bbox 1953 2957 2216 3041; x_wconf 68' lang='lat' dir='ltr'>coeptum</span> <span class='ocrx_word' id='word_1_287' title='bbox 2249 2956 2442 3020; x_wconf 80' lang='lat' dir='ltr'>esset3</span> <span class='ocrx_word' id='word_1_288' title='bbox 2487 2942 2688 3005; x_wconf 71' lang='lat' dir='ltr'>subito</span> <span class='ocrx_word' id='word_1_289' title='bbox 2719 2944 2902 3026; x_wconf 71' lang='lat' dir='ltr'>leg-ati</span> 
     </span>
     <span class='ocr_line' id='line_1_33' title="bbox 538 3026 2902 3110; baseline 0.002 -23"><span class='ocrx_word' id='word_1_290' title='bbox 538 3028 894 3110; x_wconf 83' lang='lat' dir='ltr'>evocatique</span> <span class='ocrx_word' id='word_1_291' title='bbox 939 3030 1257 3090; x_wconf 83' lang='lat' dir='ltr'>obsecrare</span> <span class='ocrx_word' id='word_1_292' title='bbox 1288 3027 1620 3105; x_wconf 77' lang='lat' dir='ltr'>Caesarem,</span> <span class='ocrx_word' id='word_1_293' title='bbox 1663 3049 1738 3089; x_wconf 89' lang='lat' dir='ltr'>ne</span> <span class='ocrx_word' id='word_1_294' title='bbox 1765 3028 2125 3104; x_wconf 85' lang='lat' dir='ltr'>dubitarent,</span> <span class='ocrx_word' id='word_1_295' title='bbox 2157 3026 2394 3110; x_wconf 86' lang='lat' dir='ltr'>signum</span> <span class='ocrx_word' id='word_1_296' title='bbox 2423 3027 2611 3089; x_wconf 81' lang='lat' dir='ltr'>dare:</span> <span class='ocrx_word' id='word_1_297' title='bbox 2657 3027 2902 3091; x_wconf 75' lang='lat' dir='ltr'>victori·</span> 
     </span>
     <span class='ocr_line' id='line_1_34' title="bbox 543 3111 2900 3211; baseline 0 -37"><span class='ocrx_word' id='word_1_298' title='bbox 543 3134 641 3174; x_wconf 85' lang='lat' dir='ltr'>am</span> <span class='ocrx_word' id='word_1_299' title='bbox 674 3113 788 3174; x_wconf 89' lang='lat' dir='ltr'>sibi</span> <span class='ocrx_word' id='word_1_300' title='bbox 814 3114 1119 3197; x_wconf 86' lang='lat' dir='ltr'>propriam</span> <span class='ocrx_word' id='word_1_301' title='bbox 1153 3135 1191 3175; x_wconf 82' lang='lat' dir='ltr'>a</span> <span class='ocrx_word' id='word_1_302' title='bbox 1220 3111 1354 3175; x_wconf 90' lang='lat' dir='ltr'>Diis</span> <span class='ocrx_word' id='word_1_303' title='bbox 1398 3112 1836 3174; x_wconf 87' lang='lat' dir='ltr'>immortalibus</span> <span class='ocrx_word' id='word_1_304' title='bbox 1865 3112 2160 3211; x_wconf 89' lang='lat' dir='ltr'>portendi.</span> <span class='ocrx_word' id='word_1_305' title='bbox 2247 3111 2582 3174; x_wconf 82' lang='lat' dir='ltr'>Dubitante</span> <span class='ocrx_word' id='word_1_306' title='bbox 2626 3111 2900 3189; x_wconf 74' lang='lat' dir='ltr'>Caesare,</span> 
     </span>
     <span class='ocr_line' id='line_1_35' title="bbox 540 3196 2902 3296; baseline 0 -37"><span class='ocrx_word' id='word_1_307' title='bbox 540 3211 721 3279; x_wconf 85' lang='lat' dir='ltr'>atque</span> <span class='ocrx_word' id='word_1_308' title='bbox 750 3220 958 3260; x_wconf 86' lang='lat' dir='ltr'>eorum</span> <span class='ocrx_word' id='word_1_309' title='bbox 987 3199 1184 3260; x_wconf 87' lang='lat' dir='ltr'>studio</span> <span class='ocrx_word' id='word_1_310' title='bbox 1204 3198 1637 3296; x_wconf 81' lang='lat' dir='ltr'>cupiditatique</span> <span class='ocrx_word' id='word_1_311' title='bbox 1661 3197 1985 3273; x_wconf 88' lang='lat' dir='ltr'>resistente,</span> <span class='ocrx_word' id='word_1_312' title='bbox 2010 3196 2261 3296; x_wconf 82' lang='lat' dir='ltr'>sibique,</span> <span class='ocrx_word' id='word_1_313' title='bbox 2282 3198 2597 3280; x_wconf 80' lang='lat' dir='ltr'>eruptione</span> <span class='ocrx_word' id='word_1_314' title='bbox 2614 3199 2902 3281; x_wconf 81' lang='lat' dir='ltr'>pugnari,</span> 
     </span>
     <span class='ocr_line' id='line_1_36' title="bbox 457 3281 2900 3365; baseline 0.001 -23"><span class='ocrx_word' id='word_1_315' title='bbox 457 3285 662 3343; x_wconf 81' lang='lat' dir='ltr'>35non</span> <span class='ocrx_word' id='word_1_316' title='bbox 693 3282 952 3365; x_wconf 88' lang='lat' dir='ltr'>placere,</span> <span class='ocrx_word' id='word_1_317' title='bbox 984 3283 1329 3345; x_wconf 88' lang='lat' dir='ltr'>clamitante</span> <span class='ocrx_word' id='word_1_318' title='bbox 1358 3297 1417 3344; x_wconf 91' lang='lat' dir='ltr'>et</span> <span class='ocrx_word' id='word_1_319' title='bbox 1445 3281 1625 3344; x_wconf 78' lang='lat' dir='ltr'>et‘iam</span> <span class='ocrx_word' id='word_1_320' title='bbox 1648 3299 1828 3364; x_wconf 87' lang='lat' dir='ltr'>atque</span> <span class='ocrx_word' id='word_1_321' title='bbox 1854 3282 2032 3344; x_wconf 90' lang='lat' dir='ltr'>etiam</span> <span class='ocrx_word' id='word_1_322' title='bbox 2064 3283 2255 3344; x_wconf 90' lang='lat' dir='ltr'>aciem</span> <span class='ocrx_word' id='word_1_323' title='bbox 2287 3296 2674 3358; x_wconf 87' lang='lat' dir='ltr'>sustentante,</span> <span class='ocrx_word' id='word_1_324' title='bbox 2707 3282 2900 3345; x_wconf 72' lang='lat' dir='ltr'>subito</span> 
     </span>
     <span class='ocr_line' id='line_1_37' title="bbox 540 3366 2903 3449; baseline 0.001 -23"><span class='ocrx_word' id='word_1_325' title='bbox 540 3367 758 3427; x_wconf 84' lang='lat' dir='ltr'>dextro</span> <span class='ocrx_word' id='word_1_326' title='bbox 809 3388 1021 3444; x_wconf 86' lang='lat' dir='ltr'>cornu,</span> <span class='ocrx_word' id='word_1_327' title='bbox 1075 3368 1299 3449; x_wconf 88' lang='lat' dir='ltr'>injussu</span> <span class='ocrx_word' id='word_1_328' title='bbox 1352 3366 1640 3444; x_wconf 62' lang='lat' dir='ltr'>Caesaris,</span> <span class='ocrx_word' id='word_1_329' title='bbox 1693 3366 1983 3428; x_wconf 89' lang='lat' dir='ltr'>tubicen</span> <span class='ocrx_word' id='word_1_330' title='bbox 1962 3387 2001 3427; x_wconf 88' lang='lat' dir='ltr'>a</span> <span class='ocrx_word' id='word_1_331' title='bbox 2048 3366 2332 3429; x_wconf 86' lang='lat' dir='ltr'>militibus</span> <span class='ocrx_word' id='word_1_332' title='bbox 2375 3379 2642 3443; x_wconf 84' lang='lat' dir='ltr'>coactus,</span> <span class='ocrx_word' id='word_1_333' title='bbox 2687 3387 2903 3430; x_wconf 81' lang='lat' dir='ltr'>cauere</span> 
     </span>
     <span class='ocr_line' id='line_1_38' title="bbox 540 3450 2902 3551; baseline 0.002 -41"><span class='ocrx_word' id='word_1_334' title='bbox 540 3450 742 3532; x_wconf 82' lang='lat' dir='ltr'>coepit.</span> <span class='ocrx_word' id='word_1_335' title='bbox 833 3450 977 3533; x_wconf 82' lang='lat' dir='ltr'>Quo</span> <span class='ocrx_word' id='word_1_336' title='bbox 1008 3451 1185 3528; x_wconf 81' lang='lat' dir='ltr'>facte,</span> <span class='ocrx_word' id='word_1_337' title='bbox 1211 3452 1290 3512; x_wconf 87' lang='lat' dir='ltr'>ab</span> <span class='ocrx_word' id='word_1_338' title='bbox 1330 3451 1620 3513; x_wconf 86' lang='lat' dir='ltr'>universis</span> <span class='ocrx_word' id='word_1_339' title='bbox 1650 3451 1994 3513; x_wconf 87' lang='lat' dir='ltr'>cohortibus</span> <span class='ocrx_word' id='word_1_340' title='bbox 2046 3450 2221 3533; x_wconf 79' lang='lat' dir='ltr'>signa</span> <span class='ocrx_word' id='word_1_341' title='bbox 2267 3452 2328 3515; x_wconf 89' lang='lat' dir='ltr'>in</span> <span class='ocrx_word' id='word_1_342' title='bbox 2380 3451 2610 3513; x_wconf 80' lang='lat' dir='ltr'>hostem</span> <span class='ocrx_word' id='word_1_343' title='bbox 2667 3472 2902 3551; x_wconf 70' lang='lat' dir='ltr'>coepere</span> 
     </span>
     <span class='ocr_line' id='line_1_39' title="bbox 539 3534 2902 3619; baseline 0.002 -25"><span class='ocrx_word' id='word_1_344' title='bbox 539 3534 763 3609; x_wconf 67' lang='lat' dir='ltr'>inferri,</span> <span class='ocrx_word' id='word_1_345' title='bbox 791 3555 975 3616; x_wconf 90' lang='lat' dir='ltr'>quum</span> <span class='ocrx_word' id='word_1_346' title='bbox 1006 3535 1384 3598; x_wconf 85' lang='lat' dir='ltr'>centuriones</span> <span class='ocrx_word' id='word_1_347' title='bbox 1431 3551 1673 3619; x_wconf 87' lang='lat' dir='ltr'>pectore</span> <span class='ocrx_word' id='word_1_348' title='bbox 1703 3537 1957 3598; x_wconf 88' lang='lat' dir='ltr'>adverso</span> <span class='ocrx_word' id='word_1_349' title='bbox 1999 3537 2352 3613; x_wconf 86' lang='lat' dir='ltr'>resisterent,</span> <span class='ocrx_word' id='word_1_350' title='bbox 2399 3537 2581 3617; x_wconf 74' lang='lat' dir='ltr'>vique</span> <span class='ocrx_word' id='word_1_351' title='bbox 2632 3540 2902 3599; x_wconf 83' lang='lat' dir='ltr'>contine-</span> 
     </span>
     <span class='ocr_line' id='line_1_40' title="bbox 540 3619 2902 3706; baseline 0.001 -25"><span class='ocrx_word' id='word_1_352' title='bbox 540 3634 673 3681; x_wconf 89' lang='lat' dir='ltr'>rent</span> <span class='ocrx_word' id='word_1_353' title='bbox 702 3619 936 3696; x_wconf 85' lang='lat' dir='ltr'>milites,</span> <span class='ocrx_word' id='word_1_354' title='bbox 969 3639 1043 3681; x_wconf 92' lang='lat' dir='ltr'>ne</span> <span class='ocrx_word' id='word_1_355' title='bbox 1073 3620 1299 3702; x_wconf 88' lang='lat' dir='ltr'>injussu</span> <span class='ocrx_word' id='word_1_356' title='bbox 1330 3620 1707 3704; x_wconf 89' lang='lat' dir='ltr'>imperatoris</span> <span class='ocrx_word' id='word_1_357' title='bbox 1750 3634 2217 3698; x_wconf 88' lang='lat' dir='ltr'>concurrerent;</span> <span class='ocrx_word' id='word_1_358' title='bbox 2261 3642 2370 3682; x_wconf 88' lang='lat' dir='ltr'>nec</span> <span class='ocrx_word' id='word_1_359' title='bbox 2401 3621 2736 3704; x_wconf 77' lang='lat' dir='ltr'>quidquam</span> <span class='ocrx_word' id='word_1_360' title='bbox 2768 3642 2902 3706; x_wconf 79' lang='lat' dir='ltr'>pro-</span> 
     </span>
     <span class='ocr_line' id='line_1_41' title="bbox 458 3705 805 3768; baseline -0.006 0"><span class='ocrx_word' id='word_1_361' title='bbox 458 3705 805 3768; x_wconf 77' lang='lat' dir='ltr'>40ficerent.</span> 
     </span>
     <span class='ocr_line' id='line_1_42' title="bbox 624 3786 2902 3875; baseline -0 -23"><span class='ocrx_word' id='word_1_362' title='bbox 624 3786 994 3852; x_wconf 87' lang='lat' dir='ltr'><strong>LXXXIII.</strong></span> <span class='ocrx_word' id='word_1_363' title='bbox 1041 3787 1231 3873; x_wconf 81' lang='lat' dir='ltr'>Quod</span> <span class='ocrx_word' id='word_1_364' title='bbox 1260 3805 1578 3875; x_wconf 85' lang='lat' dir='ltr'>postquam</span> <span class='ocrx_word' id='word_1_365' title='bbox 1606 3788 1822 3854; x_wconf 85' lang='lat' dir='ltr'>Coesar</span> <span class='ocrx_word' id='word_1_366' title='bbox 1852 3789 2162 3866; x_wconf 81' lang='lat' dir='ltr'>intellexit,</span> <span class='ocrx_word' id='word_1_367' title='bbox 2194 3790 2453 3852; x_wconf 90' lang='lat' dir='ltr'>incitatis</span> <span class='ocrx_word' id='word_1_368' title='bbox 2486 3789 2745 3853; x_wconf 88' lang='lat' dir='ltr'>militum</span> <span class='ocrx_word' id='word_1_369' title='bbox 2779 3791 2902 3853; x_wconf 86' lang='lat' dir='ltr'>ani·</span> 
     </span>
     <span class='ocr_line' id='line_1_43' title="bbox 540 3873 2904 3959; baseline -0 -22"><span class='ocrx_word' id='word_1_370' title='bbox 540 3874 653 3937; x_wconf 89' lang='lat' dir='ltr'>mis</span> <span class='ocrx_word' id='word_1_371' title='bbox 696 3874 888 3938; x_wconf 85' lang='lat' dir='ltr'>resisti</span> <span class='ocrx_word' id='word_1_372' title='bbox 940 3874 1109 3936; x_wconf 89' lang='lat' dir='ltr'>nullo</span> <span class='ocrx_word' id='word_1_373' title='bbox 1156 3876 1343 3939; x_wconf 88' lang='lat' dir='ltr'>modo</span> <span class='ocrx_word' id='word_1_374' title='bbox 1392 3896 1589 3959; x_wconf 85' lang='lat' dir='ltr'>posse,</span> <span class='ocrx_word' id='word_1_375' title='bbox 1637 3876 1815 3958; x_wconf 80' lang='lat' dir='ltr'>signo</span> <span class='ocrx_word' id='word_1_376' title='bbox 1844 3875 2138 3938; x_wconf 79' lang='lat' dir='ltr'>felicitatis</span> <span class='ocrx_word' id='word_1_377' title='bbox 2168 3875 2332 3953; x_wconf 89' lang='lat' dir='ltr'>dato,</span> <span class='ocrx_word' id='word_1_378' title='bbox 2359 3897 2516 3957; x_wconf 89' lang='lat' dir='ltr'>equo</span> <span class='ocrx_word' id='word_1_379' title='bbox 2547 3873 2862 3937; x_wconf 86' lang='lat' dir='ltr'>admisso</span> <span class='ocrx_word' id='word_1_380' title='bbox 2847 3897 2904 3936; x_wconf 88' lang='grc' dir='ltr'>ιιι</span> 
     </span>
    </p>
   </div>
   <div class='ocr_carea' id='block_1_3' title="bbox 447 4082 2911 4706">
    <p class='ocr_par' dir='ltr' id='par_1_5' title="bbox 447 4082 2911 4632">
     <span class='ocr_line' id='line_1_44' title="bbox 517 4082 2906 4147; baseline 0 -17"><span class='ocrx_word' id='word_1_381' title='bbox 517 4084 563 4129; x_wconf 88' lang='grc'>8.</span> <span class='ocrx_word' id='word_1_382' title='bbox 616 4082 860 4147; x_wconf 73' lang='lat' dir='ltr'>Quodpo</span> <span class='ocrx_word' id='word_1_383' title='bbox 1066 4084 1240 4132; x_wconf 66' lang='lat' dir='ltr'>Cesar-i</span> <span class='ocrx_word' id='word_1_384' title='bbox 1271 4084 1540 4133; x_wconf 58' lang='lat' dir='ltr'>nuntiauit</span> <span class='ocrx_word' id='word_1_385' title='bbox 1567 4090 1648 4141; x_wconf 74' lang='lat' dir='ltr'>est,</span> <span class='ocrx_word' id='word_1_386' title='bbox 1709 4094 1762 4132; x_wconf 85' lang='lat' dir='ltr'>ut</span> <span class='ocrx_word' id='word_1_387' title='bbox 1781 4100 1878 4133; x_wconf 76' lang='lat' dir='ltr'>nou</span> <span class='ocrx_word' id='word_1_388' title='bbox 1902 4086 1962 4132; x_wconf 78' lang='lat' dir='ltr'>sit</span> <span class='ocrx_word' id='word_1_389' title='bbox 1981 4086 2193 4140; x_wconf 73' lang='lat' dir='ltr'>dubium,</span> <span class='ocrx_word' id='word_1_390' title='bbox 2225 4093 2304 4132; x_wconf 70' lang='lat' dir='ltr'>aut</span> <span class='ocrx_word' id='word_1_391' title='bbox 2339 4083 2436 4131; x_wconf 58' lang='lat' dir='ltr'>alffi</span> <span class='ocrx_word' id='word_1_392' title='bbox 2459 4083 2602 4132; x_wconf 75' lang='lat' dir='ltr'>clade</span> <span class='ocrx_word' id='word_1_393' title='bbox 2627 4085 2906 4138; x_wconf 57' lang='lat' dir='ltr'>ddum.</span> 
     </span>
     <span class='ocr_line' id='line_1_45' title="bbox 452 4089 2906 4209; baseline 0 -17"><span class='ocrx_word' id='word_1_394' title='bbox 452 4143 624 4192; x_wconf 67' lang='lat' dir='ltr'>milita</span> <span class='ocrx_word' id='word_1_395' title='bbox 644 4145 703 4192; x_wconf 78' lang='lat' dir='ltr'>ab</span> <span class='ocrx_word' id='word_1_396' title='bbox 733 4089 897 4208; x_wconf 59' lang='lat' dir='ltr'>oper:</span> <span class='ocrx_word' id='word_1_397' title='bbox 976 4151 1113 4201; x_wconf 69' lang='lat' dir='ltr'>actos,</span> <span class='ocrx_word' id='word_1_398' title='bbox 1140 4148 1297 4194; x_wconf 66' lang='lat' dir='ltr'>marin</span> <span class='ocrx_word' id='word_1_399' title='bbox 1323 4148 1537 4209; x_wconf 69' lang='lat' dir='ltr'>presidio</span> <span class='ocrx_word' id='word_1_400' title='bbox 1565 4149 1649 4195; x_wconf 69' lang='lat' dir='ltr'>As·</span> <span class='ocrx_word' id='word_1_401' title='bbox 1710 4150 1759 4195; x_wconf 82' lang='lat' dir='ltr'>id</span> <span class='ocrx_word' id='word_1_402' title='bbox 1781 4148 2022 4208; x_wconf 81' lang='lat' dir='ltr'>proprium</span> <span class='ocrx_word' id='word_1_403' title='bbox 2044 4149 2218 4195; x_wconf 84' lang='lat' dir='ltr'>dicitur</span> <span class='ocrx_word' id='word_1_404' title='bbox 2235 4147 2419 4194; x_wconf 73' lang='lat' dir='ltr'>Gallice</span> <span class='ocrx_word' id='word_1_405' title='bbox 2423 4145 2570 4209; x_wconf 70' lang='lat' dir='ltr'>,final</span> <span class='ocrx_word' id='word_1_406' title='bbox 2583 4157 2670 4194; x_wconf 78' lang='lat' dir='ltr'>aut</span> <span class='ocrx_word' id='word_1_407' title='bbox 2691 4145 2906 4209; x_wconf 62' lang='lat' dir='ltr'>definitis.</span> 
     </span>
     <span class='ocr_line' id='line_1_46' title="bbox 447 4160 2904 4280; baseline 0.001 -28"><span class='ocrx_word' id='word_1_408' title='bbox 447 4211 661 4279; x_wconf 65' lang='lat' dir='ltr'>prenota-</span> <span class='ocrx_word' id='word_1_409' title='bbox 670 4160 934 4269; x_wconf 76' lang='lat' dir='ltr'>proconsule</span> <span class='ocrx_word' id='word_1_410' title='bbox 955 4221 1059 4255; x_wconf 74' lang='grc' dir='ltr'><strong>αιιιι</strong></span> <span class='ocrx_word' id='word_1_411' title='bbox 1087 4163 1380 4280; x_wconf 68' lang='lat' dir='ltr'>hgionibue</span> <span class='ocrx_word' id='word_1_412' title='bbox 1386 4225 1440 4258; x_wconf 88' lang='grc' dir='ltr'>ιι.</span> <span class='ocrx_word' id='word_1_413' title='bbox 1477 4209 1676 4265; x_wconf 66' lang='lat' dir='ltr'>rafiam,</span> <span class='ocrx_word' id='word_1_414' title='bbox 1771 4212 1846 4257; x_wconf 77' lang='grc'>36.</span> <span class='ocrx_word' id='word_1_415' title='bbox 1879 4210 2115 4271; x_wconf 60' lang='lat' dir='ltr'>Tabiana]</span> <span class='ocrx_word' id='word_1_416' title='bbox 2151 4210 2318 4257; x_wconf 66' lang='lat' dir='ltr'>nonu</span> <span class='ocrx_word' id='word_1_417' title='bbox 2341 4210 2468 4256; x_wconf 76' lang='lat' dir='ltr'>idem</span> <span class='ocrx_word' id='word_1_418' title='bbox 2489 4210 2766 4258; x_wconf 75' lang='lat' dir='ltr'>confirmat.</span> <span class='ocrx_word' id='word_1_419' title='bbox 2784 4209 2904 4267; x_wconf 74' lang='lat' dir='ltr'>quod</span> 
     </span>
     <span class='ocr_line' id='line_1_47' title="bbox 450 4242 2903 4334; baseline 0 -18"><span class='ocrx_word' id='word_1_420' title='bbox 450 4269 546 4331; x_wconf 65' lang='lat' dir='ltr'>ipae</span> <span class='ocrx_word' id='word_1_421' title='bbox 569 4283 673 4317; x_wconf 72' lang='lat' dir='ltr'>cum</span> <span class='ocrx_word' id='word_1_422' title='bbox 694 4270 907 4334; x_wconf 67' lang='lat' dir='ltr'>expedita</span> <span class='ocrx_word' id='word_1_423' title='bbox 926 4270 1058 4332; x_wconf 66' lang='lat' dir='ltr'>eopia</span> <span class='ocrx_word' id='word_1_424' title='bbox 1077 4270 1133 4317; x_wconf 67' lang='grc' dir='ltr'>ἐκ</span> <span class='ocrx_word' id='word_1_425' title='bbox 1162 4285 1267 4319; x_wconf 67' lang='lat' dir='ltr'>eum</span> <span class='ocrx_word' id='word_1_426' title='bbox 1304 4272 1452 4320; x_wconf 79' lang='lat' dir='ltr'>locum</span> <span class='ocrx_word' id='word_1_427' title='bbox 1473 4242 1649 4319; x_wconf 66' lang='lat' dir='ltr'>destini</span> <span class='ocrx_word' id='word_1_428' title='bbox 1711 4281 1856 4332; x_wconf 69' lang='lat' dir='ltr'>negat</span> <span class='ocrx_word' id='word_1_429' title='bbox 1894 4287 2100 4330; x_wconf 72' lang='lat' dir='ltr'>unquam</span> <span class='ocrx_word' id='word_1_430' title='bbox 2136 4273 2362 4319; x_wconf 61' lang='lat' dir='ltr'>attidis-</span> <span class='ocrx_word' id='word_1_431' title='bbox 2402 4280 2455 4318; x_wconf 88' lang='grc' dir='ltr'>ιιι</span> <span class='ocrx_word' id='word_1_432' title='bbox 2501 4281 2613 4318; x_wconf 72' lang='lat' dir='ltr'>ante</span> <span class='ocrx_word' id='word_1_433' title='bbox 2659 4272 2903 4328; x_wconf 65' lang='lat' dir='ltr'>imperi-n</span> 
     </span>
     <span class='ocr_line' id='line_1_48' title="bbox 452 4332 2904 4395; baseline 0.001 -19"><span class='ocrx_word' id='word_1_434' title='bbox 452 4332 716 4395; x_wconf 47' lang='lat' dir='ltr'>contendis]</span> <span class='ocrx_word' id='word_1_435' title='bbox 784 4333 1014 4380; x_wconf 78' lang='lat' dir='ltr'>Mendum</span> <span class='ocrx_word' id='word_1_436' title='bbox 1051 4347 1150 4379; x_wconf 76' lang='lat' dir='ltr'>nou</span> <span class='ocrx_word' id='word_1_437' title='bbox 1186 4335 1396 4389; x_wconf 79' lang='lat' dir='ltr'>dubium,</span> <span class='ocrx_word' id='word_1_438' title='bbox 1429 4336 1558 4392; x_wconf 81' lang='lat' dir='ltr'>quod</span> <span class='ocrx_word' id='word_1_439' title='bbox 1589 4349 1650 4381; x_wconf 73' lang='lat' dir='ltr'>ax</span> <span class='ocrx_word' id='word_1_440' title='bbox 1711 4335 1846 4380; x_wconf 85' lang='lat' dir='ltr'>ducis</span> <span class='ocrx_word' id='word_1_441' title='bbox 1868 4335 2053 4394; x_wconf 73' lang='lat' dir='ltr'>signum</span> <span class='ocrx_word' id='word_1_442' title='bbox 2075 4335 2318 4390; x_wconf 80' lang='lat' dir='ltr'>cecinerit,</span> <span class='ocrx_word' id='word_1_443' title='bbox 2337 4343 2500 4391; x_wconf 75' lang='lat' dir='ltr'>utpote</span> <span class='ocrx_word' id='word_1_444' title='bbox 2521 4341 2696 4381; x_wconf 82' lang='lat' dir='ltr'>contra</span> <span class='ocrx_word' id='word_1_445' title='bbox 2717 4347 2793 4380; x_wconf 76' lang='lat' dir='ltr'>rei</span> <span class='ocrx_word' id='word_1_446' title='bbox 2823 4333 2904 4378; x_wconf 77' lang='lat' dir='ltr'>mi-</span> 
     </span>
     <span class='ocr_line' id='line_1_49' title="bbox 451 4393 2028 4458; baseline 0.003 -21"><span class='ocrx_word' id='word_1_447' title='bbox 451 4393 543 4438; x_wconf 75' lang='lat' dir='ltr'>flde</span> <span class='ocrx_word' id='word_1_448' title='bbox 567 4396 877 4455; x_wconf 80' lang='lat' dir='ltr'>manuscripti</span> <span class='ocrx_word' id='word_1_449' title='bbox 915 4394 1072 4455; x_wconf 64' lang='lat' dir='ltr'>Regii,</span> <span class='ocrx_word' id='word_1_450' title='bbox 1096 4396 1325 4443; x_wconf 76' lang='lat' dir='ltr'>Victorini</span> <span class='ocrx_word' id='word_1_451' title='bbox 1363 4399 1501 4443; x_wconf 79' lang='lat' dir='ltr'>unius</span> <span class='ocrx_word' id='word_1_452' title='bbox 1522 4396 1649 4443; x_wconf 69' lang='lat' dir='ltr'>eodi-</span> <span class='ocrx_word' id='word_1_453' title='bbox 1711 4395 1860 4443; x_wconf 79' lang='lat' dir='ltr'>litaris</span> <span class='ocrx_word' id='word_1_454' title='bbox 1885 4398 2028 4458; x_wconf 75' lang='lat' dir='ltr'>leges.</span> 
     </span>
     <span class='ocr_line' id='line_1_50' title="bbox 451 4451 2908 4522; baseline 0.001 -23"><span class='ocrx_word' id='word_1_455' title='bbox 451 4451 538 4508; x_wconf 79' lang='lat' dir='ltr'>eis,</span> <span class='ocrx_word' id='word_1_456' title='bbox 568 4457 917 4506; x_wconf 73' lang='lat' dir='ltr'>et&#39;l&#39;liuanisic</span> <span class='ocrx_word' id='word_1_457' title='bbox 948 4461 1181 4506; x_wconf 73' lang='lat' dir='ltr'>ente-do:</span> <span class='ocrx_word' id='word_1_458' title='bbox 1231 4458 1384 4506; x_wconf 64' lang='lat' dir='ltr'>mute</span> <span class='ocrx_word' id='word_1_459' title='bbox 1422 4459 1481 4506; x_wconf 78' lang='grc' dir='ltr'>οὑ</span> <span class='ocrx_word' id='word_1_460' title='bbox 1514 4472 1650 4520; x_wconf 72' lang='lat' dir='ltr'>opere</span> <span class='ocrx_word' id='word_1_461' title='bbox 1771 4460 1850 4505; x_wconf 65' lang='lat'>49„</span> <span class='ocrx_word' id='word_1_462' title='bbox 1871 4457 2426 4522; x_wconf 42' lang='lat' dir='ltr'>signastis-ciminum&amp;</span> <span class='ocrx_word' id='word_1_463' title='bbox 2491 4455 2908 4504; x_wconf 72' lang='lat' dir='ltr'>Tesseraunod-</span> 
     </span>
     <span class='ocr_line' id='line_1_51' title="bbox 451 4512 2911 4582; baseline 0.003 -24"><span class='ocrx_word' id='word_1_464' title='bbox 451 4512 654 4562; x_wconf 70' lang='lat' dir='ltr'>deducto.</span> <span class='ocrx_word' id='word_1_465' title='bbox 719 4520 869 4567; x_wconf 75' lang='lat' dir='ltr'>Aliter</span> <span class='ocrx_word' id='word_1_466' title='bbox 891 4535 1069 4582; x_wconf 75' lang='lat' dir='ltr'>magua</span> <span class='ocrx_word' id='word_1_467' title='bbox 1088 4529 1160 4567; x_wconf 79' lang='lat' dir='ltr'>est</span> <span class='ocrx_word' id='word_1_468' title='bbox 1181 4521 1412 4568; x_wconf 71' lang='lat' dir='ltr'>untionis</span> <span class='ocrx_word' id='word_1_469' title='bbox 1432 4520 1652 4567; x_wconf 76' lang='lat' dir='ltr'>inconse·</span> <span class='ocrx_word' id='word_1_470' title='bbox 1711 4529 1872 4568; x_wconf 73' lang='lat' dir='ltr'>tet-ove</span> <span class='ocrx_word' id='word_1_471' title='bbox 1889 4525 2033 4570; x_wconf 74' lang='lat' dir='ltr'>verbo</span> <span class='ocrx_word' id='word_1_472' title='bbox 2068 4523 2272 4568; x_wconf 68' lang='lat' dir='ltr'>dabatur</span> <span class='ocrx_word' id='word_1_473' title='bbox 2304 4521 2391 4568; x_wconf 76' lang='lat' dir='ltr'>sub</span> <span class='ocrx_word' id='word_1_474' title='bbox 2423 4533 2637 4581; x_wconf 71' lang='lat' dir='ltr'>pugnam</span> <span class='ocrx_word' id='word_1_475' title='bbox 2663 4521 2725 4566; x_wconf 77' lang='lat' dir='ltr'>ab</span> <span class='ocrx_word' id='word_1_476' title='bbox 2763 4520 2911 4578; x_wconf 68' lang='lat' dir='ltr'>irnpe-</span> 
     </span>
     <span class='ocr_line' id='line_1_52' title="bbox 456 4578 1886 4632; baseline 0.001 -2"><span class='ocrx_word' id='word_1_477' title='bbox 456 4578 661 4630; x_wconf 63' lang='lat' dir='ltr'>quemm-</span> <span class='ocrx_word' id='word_1_478' title='bbox 1713 4596 1886 4632; x_wconf 63' lang='lat' dir='ltr'>ruore.</span> 
     </span>
    </p>

    <p class='ocr_par' dir='ltr' id='par_1_6' title="bbox 516 4635 1652 4706">
     <span class='ocr_line' id='line_1_53' title="bbox 516 4635 1652 4706; baseline 0.011 -27"><span class='ocrx_word' id='word_1_479' title='bbox 516 4635 592 4679; x_wconf 93' lang='grc'>32.</span> <span class='ocrx_word' id='word_1_480' title='bbox 624 4637 869 4692; x_wconf 62' lang='lat' dir='ltr'>Vir-eonon</span> <span class='ocrx_word' id='word_1_481' title='bbox 890 4642 1268 4706; x_wconf 54' lang='lat' dir='ltr'>&amp;luipo-aprina]</span> <span class='ocrx_word' id='word_1_482' title='bbox 1301 4642 1652 4698; x_wconf 69' lang='lat' dir='ltr'>Quodtaleest</span> 
     </span>
    </p>
   </div>
  </div>
 </body>
</html>
