3059 5050
353 266 476 329 1³⁰
1117 256 1242 322 DE
1285 242 1592 321 BELLO
1637 253 2033 321 GALLICO

433 422 495 474 et
516 408 650 494 pice
676 402 1019 507 fervefactfi,
1044 406 1383 507 et·maximi
1420 405 1702 490 ponderis
1730 405 1893 467 saxis
1934 404 2344 483 morabantur,
2386 404 2812 489 moenibusque

436 514 632 640 apg?
675 492 1546 641 uplqulffirpsrqlxfflgnibus
1576 573 1830 637 Gallicis
1859 575 1993 638 haec
2023 573 2147 637 sere
2178 574 2374 638 forma
2400 586 2526 637 est:
2568 572 2809 639 Trabes

439 663 687 726 directae
717 676 1025 747 perpetum
1050 662 1112 723 in
1141 661 1601 744 longitudinem,
1647 661 1895 744 paribus
1942 660 2289 738 intervallis,
2334 659 2621 722 distantes
2658 661 2814 724 inter

355 752 396 812 Ξ
440 769 504 811 se
525 748 702 810 binos
731 748 932 831 pedes,
976 748 1037 810 in
1088 746 1220 809 solo
1265 745 1662 808 collocantur.
1750 744 1873 808 Hae
1922 746 2329 808 revinciuntur
2384 745 2700 823 introrsus,
2752 758 2815 809 et

438 833 630 896 multo
660 854 886 915 aggere
903 832 1255 896 vestiuntur.
1343 830 1443 894 Ea
1468 844 1686 908 autem,
1718 851 1857 913 quae
1903 831 2186 908 diximuS,
2217 830 2533 892 intervalla
2562 831 2814 914 grandi-

439 920 553 981 bus
598 919 661 980 in
703 918 899 980 fronte
945 918 1108 981 saxis
1137 916 1542 981 effarciuntur.
1629 915 1713 978 lis
1742 915 2053 978 collocatis
2083 930 2143 979 et
2170 916 2625 998 coagmentatis,
2658 915 2817 978 alius

442 1004 688 1088 insuper
717 1004 870 1066 ordo
901 1003 1201 1086 adiicitur,
1231 1016 1298 1065 ut
1325 1002 1482 1077 idem
1514 1000 1667 1064 illud
1694 1000 2073 1064 intervallum
2108 1014 2393 1078 servetur,
2436 1022 2628 1083 neque
2661 1003 2818 1064 inter

442 1110 506 1151 se
535 1089 896 1171 contingant
923 1090 1143 1165 trabes,
1189 1088 1292 1151 sed
1322 1087 1573 1172 paribus
1601 1087 1954 1148 intermissae
1979 1086 2205 1183 spatiis,
2255 1085 2513 1169 singulae
2560 1086 2818 1170 singulis

363 1174 606 1238 lOsaxis
635 1174 958 1257 interjectis
987 1190 1115 1237 arte
1139 1174 1591 1236 contineantur:
1636 1172 1721 1253 sic
1747 1172 2031 1254 deinceps
2061 1193 2240 1235 omne
2269 1193 2424 1255 opus
2453 1173 2819 1250 contexitur,

443 1260 588 1322 dum
607 1260 777 1341 justa
800 1259 956 1322 muri
979 1259 1233 1327 altitudo
1257 1257 1594 1343 expleatur.
1680 1255 1822 1319 Hoc
1848 1278 2032 1339 quum
2056 1256 2119 1319 in
2148 1257 2410 1340 speciem
2439 1258 2822 1319 varietatem-

444 1366 564 1428 que
593 1366 746 1430 opus
776 1344 1043 1407 deforme
1073 1365 1195 1406 non
1224 1357 1331 1421 est,
1365 1342 1608 1405 alternis
1637 1342 1906 1404 trabibus
1936 1362 2007 1403 ac
2050 1342 2232 1419 saxis,
2265 1362 2405 1426 quoe
2434 1342 2611 1404 rectis
2647 1342 2822 1405 lineis

444 1450 586 1493 suos
628 1430 873 1493 ordines
917 1443 1174 1505 servant,
1220 1442 1348 1490 tum
1394 1428 1474 1490 ad
1518 1427 1835 1490 utilitatem
1866 1439 1926 1489 et
1953 1426 2358 1490 defensionem
2389 1428 2628 1489 urbium
2659 1449 2823 1490 sum-

445 1536 607 1578 mam
639 1515 821 1577 hahet
849 1536 933 1599 op
1017 1515 1383 1591 rtunitatem,
1429 1513 1593 1595 quod
1625 1526 1685 1575 et
1735 1514 1815 1574 ab
1859 1511 2140 1575 incendio
2185 1512 2360 1597 lapis,
2399 1525 2459 1574 et
2505 1513 2585 1575 ab
2636 1513 2827 1577 ariete

366 1600 700 1665 lbmateria
746 1600 920 1663 defen
965 1600 1029 1677 it,
1061 1621 1201 1683 quae
1231 1599 1534 1683 perpetuis
1563 1598 1835 1660 trabibus
1864 1597 2047 1681 pedes
2085 1598 2530 1680 quadragesim,
2559 1597 2825 1683 plerum-

447 1706 567 1770 que
589 1685 884 1747 introrsus
907 1685 1196 1761 revincta,
1217 1705 1410 1767 neque
1440 1682 1748 1768 perrumpi
1778 1703 1973 1765 neque
1997 1682 2243 1745 distrahi
2358 1696 2489 1745 test.

532 1768 777 1833 XXIV.
823 1769 907 1832 Iis
960 1783 1050 1832 tot
1101 1771 1277 1832 rebus
1331 1768 1624 1869 impedita
1673 1767 2150 1851 oppugnatione,
2198 1768 2281 1829 mi
2308 1768 2417 1830 ites
2461 1790 2644 1851 quum
2694 1781 2829 1833 toto

449 1869 721 1940 tempore
748 1854 898 1933 luto,
930 1855 1175 1937 frigore,
1219 1868 1281 1916 et
1326 1853 1583 1916 assiduis
1610 1853 1904 1914 imbribus
1934 1853 2333 1930 tardarentur,
2385 1866 2586 1916 tamen
2632 1855 2831 1917 conti-

451 1941 615 2004 nenti
644 1941 855 2004 labore
884 1940 1092 2004 omnia
1121 1942 1254 2002 haec
1300 1951 1754 2027 superaverunt,
1794 1950 1853 2000 et
1896 1937 2107 2000 diebus
2138 1958 2274 2000 xxv.
2307 1960 2593 2021 aggerem
2637 1940 2830 2004 latum

365 2027 633 2112 20pedes
659 2047 924 2090 cccxxx.
958 2026 1144 2088 altum
1168 2025 1352 2109 pedes
1382 2044 1562 2086 ιω.
1593 2036 2039 2085 exstruxerunt.
2121 2021 2329 2105 Quum
2359 2024 2408 2085 is
2432 2045 2669 2087 murum
2690 2025 2834 2088 ho&

449 2112 598 2175 tium
625 2112 782 2195 pene
813 2111 1209 2191 contingeret,
1239 2122 1299 2171 et
1317 2107 1537 2171 Caesar
1561 2107 1638 2170 ad
1665 2128 1818 2193 opus
1848 2108 2277 2171 consuetudine
2300 2110 2649 2187 excubaret,
2673 2109 2835 2173 mili·

449 2209 658 2278 tesque
685 2196 1123 2269 cohortaretur,
1168 2214 1244 2255 ne
1275 2192 1440 2275 quod
1472 2192 1723 2254 omnino
1751 2205 1982 2275 tempus
2013 2193 2091 2254 ab
2122 2215 2303 2277 opere
2328 2193 2834 2273 intermitteretur,

451 2278 661 2363 paullo
705 2293 846 2340 ante
875 2300 977 2340 111.
1005 2277 1282 2359 vigiliam
1336 2290 1424 2340 est
1476 2276 1960 2339 animadversum
2010 2276 2243 2339 fumare
2290 2300 2599 2361 aggerem,
2655 2301 2835 2362 quem

451 2362 736 2426 cuniculo
760 2363 958 2425 hostes
983 2361 1434 2425 succenderant.
1523 2360 1884 2445 Eodemque
1913 2377 2181 2446 tempore
2208 2375 2336 2425 toto
2366 2384 2540 2427 muro
2570 2364 2840 2429 clamore

370 2446 717 2527 25sublato,
743 2449 980 2511 duabus
1003 2447 1192 2534 portis
1241 2448 1320 2509 ab
1345 2461 1604 2532 utroque
1649 2446 1836 2510 latere
1866 2447 2116 2509 turrium
2148 2448 2386 2534 eruptio
2427 2449 2628 2513 fiebat.
2709 2450 2841 2513 Alii

453 2534 614 2596 faces
657 2547 841 2636 atque
883 2534 1117 2598 aridam
1163 2534 1477 2596 materiam
1508 2533 1587 2596 de
1615 2554 1790 2596 muro
1818 2535 1881 2596 in
1913 2554 2200 2616 aggerem
2229 2534 2463 2598 eminus
2479 2536 2801 2619 jaciebant
2822 2559 2846 2599 τ

453 2620 651 2703 picem
676 2620 802 2696 alii,
833 2619 1214 2702 reliquasque
1243 2639 1337 2681 res
1367 2620 1589 2703 quibus
1617 2618 1779 2700 ignis
1820 2619 2060 2682 incitari
2089 2633 2302 2703 potest,
2334 2618 2705 2684 fundebant:
2751 2637 2841 2700 ut,

454 2704 579 2787 quo
603 2705 867 2789 primum
891 2717 1328 2781 occurreretur,
1359 2719 1467 2767 aut
1493 2704 1594 2767 cui
1625 2704 1710 2766 rei
1740 2702 1990 2766 ferretur
2018 2704 2334 2783 auxilium,
2377 2704 2483 2769 vix
2513 2706 2670 2770 ratio
2700 2708 2843 2771 iniri

457 2803 697 2872 posset:
741 2803 943 2851 tamen
975 2788 1140 2871 quod
1166 2789 1437 2852 instituto
1465 2787 1735 2851 Caesaris
1765 2790 1906 2851 duae
1937 2809 2173 2873 semper
2200 2789 2468 2873 legiones
2529 2814 2599 2854 ro
2629 2792 2846 2856 castris

373 2875 866 2952 SOexcubabant,
889 2874 1218 3021 ¹pluresque
1246 2875 1481 2959 partitis
1505 2874 1877 2959 temporibus
1906 2875 1969 2936 in
1995 2896 2177 2959 opere
2201 2889 2392 2953 erant,
2418 2898 2489 2939 ce
2512 2877 2690 2941 eriter
2716 2876 2846 2941 fac-

459 2974 587 3023 tum
617 2973 723 3038 est,
755 2974 824 3022 ut
850 2982 889 3021 a
913 2958 953 3021 ‘i
984 2959 1401 3044 eruptionibus
1441 2960 1799 3036 resisterent,
1846 2960 1948 3022 alii
1996 2975 2189 3022 turres
2235 2961 2608 3039 reducerent,

460 3066 706 3128 remque
736 3044 1252 3122 interscinderent,
1277 3046 1475 3108 omnis
1499 3044 1645 3108 vero
1669 3066 1747 3108 ex
1777 3046 1989 3108 castris
2012 3045 2337 3109 multitudo
2362 3048 2441 3110 ad
2466 3047 2848 3130 restinguen-

459 3131 605 3194 dum
636 3142 1043 3193 concurreret.

543 3214 759 3279 XXV.
806 3214 1015 3298 Quum
1040 3215 1103 3277 in
1134 3215 1416 3277 omnibus
1439 3213 1611 3291 locis,
1641 3215 1998 3299 consumpta
2014 3216 2150 3298 jam
2180 3216 2413 3300 reliquii
2437 3230 2610 3301 parte
2626 3217 2847 3296 noctis,

375 3303 853 3384 35pugnaretur,
896 3321 1254 3383 semperque
1283 3298 1556 3360 hostibus
1587 3320 1719 3398 spes
1743 3299 2020 3363 victoriae
2051 3301 2579 3384 redintegraretur,
2609 3301 2683 3365 eo
2716 3324 2851 3368 ma·

459 3384 556 3467 gis
580 3383 747 3466 quod
766 3384 1010 3447 deustos
1039 3382 1276 3467 pluteos
1305 3384 1559 3446 turrium
1585 3383 1891 3461 videbant,
1922 3406 2035 3448 nec
2064 3384 2244 3449 facile
2275 3388 2446 3451 adire
2485 3403 2730 3473 apertos
2769 3389 2853 3453 ad

437 3559 485 3607 ὀ.
523 3556 614 3606 Ha
657 3555 977 3604 staineinaim
1018 3556 1275 3622 introrsum]
1340 3555 1584 3603 Revinciri
1644 3565 1785 3618 tanta
1806 3558 1909 3615 fuit,
1943 3567 1995 3605 ut
2016 3569 2180 3620 posset
2200 3575 2312 3608 suos
2335 3560 2502 3608 Caesar
2521 3559 2776 3609 commode
2804 3560 2854 3609 in

374 3620 510 3677 dicit,
545 3620 660 3680 quia
679 3619 1031 3666 transversaria
1051 3621 1184 3666 trabs
1207 3620 1355 3679 pedes
1379 3633 1457 3666 ιι..
1479 3619 1584 3664 lon-
1645 3619 1920 3667 summitate
1943 3622 2134 3683 aggeris
2156 3622 2407 3671 instruere.

412 3699 443 3730 a
463 3680 819 3742 superponitur,
841 3694 992 3740 eaque
1010 3681 1334 3728 commissuris
1355 3689 1404 3727 ct
1424 3681 1583 3728 fibulis
1707 3683 1784 3727 23.
1796 3682 1877 3729 Est
1891 3683 2262 3732 masuerum
2271 3685 2466 3747 flamm
2479 3685 2739 3747 oggerum]
2757 3683 2859 3733 Ra«

397 3746 610 3819 ungitur,
641 3741 854 3791 cheviues
884 3746 926 3789 d
961 3743 1211 3800 nwnoises,
1243 3750 1297 3790 ut
1327 3742 1586 3803 loquuntur
1647 3742 1802 3791 tiones
1824 3754 1966 3791 erant
1987 3745 2181 3793 omniuo
2201 3748 2308 3794 due
2328 3747 2608 3795 destruendi
2631 3748 2856 3809 aggeris:

378 3816 548 3854 nosm.
1647 3806 1870 3865 cuniculi,
1883 3815 1932 3854 et
1954 3808 2244 3858 incendium.
2277 3808 2492 3869 Uoesqnae
2512 3817 2716 3856 utuntur
2730 3811 2859 3860 Ava-

438 3871 486 3916 6.
518 3866 813 3928 tamdia]
877 3867 991 3920 Quo
1019 3868 1223 3914 duorum
1244 3874 1387 3914 erant
1406 3867 1584 3927 pedum
1646 3868 1855 3916 ticenscs
1878 3870 2079 3918 ratione.

378 3929 504 3977 inter
516 3933 688 3980 mbos
709 3928 941 3989 singulas.
1708 3932 1786 3979 27.
1809 3931 2126 3994 fundebant]
2152 3933 2340 3993 Nempe
2362 3932 2488 3982 vasis
2510 3933 2663 4008 longa
2684 3948 2863 3982 manu·

443 3994 519 4044 12.
539 3990 746 4040 ,auem-3
786 3990 994 4038 trabibus
1033 3994 1116 4038 aut
1151 3990 1322 4052 ταωίι]
1399 3989 1584 4047 Eadem
1646 3993 1752 4039 bria
1768 3993 2135 4052 habentibus,ut
2151 3995 2459 4044 Herodianus
2475 3997 2692 4056 prodidit
2709 3997 2861 4058 Aqui-

376 4066 553 4126 uempe
571 4052 741 4126 'figurfi
760 4062 809 4100 et
829 4052 991 4113 specie
1015 4051 1110 4113 qui
1131 4053 1363 4100 scaccarii
1385 4053 1504 4111 ludi,
1524 4068 1586 4102 en
1647 4054 1750 4101 leioe
1774 4056 1968 4130 factum.

445 4130 713 4240 Ῑέφῗαοφα·
714 4176 788 4224 m‘s
806 4174 1011 4224 trahem
1012 4177 1047 4238 .]
1072 4176 1295 4250 Integris,
1316 4191 1414 4224 non
1438 4178 1584 4226 inter·
1645 4118 2864 4246 nessgjuffmmwssmMohksmr-Wm

378 4239 548 4308 ruptis,
572 4248 654 4285 aut
685 4253 783 4286 non
822 4237 1037 4297 pluribus
1070 4241 1284 4285 trabibus
1320 4254 1425 4286 sese
1456 4241 1583 4287 cxci·
1645 4242 1820 4287 bantur
1839 4242 1969 4289 enim
2001 4242 2235 4294 introrsus
2252 4255 2463 4304 quantor
2482 4254 2567 4293 aut
2589 4255 2705 4294 octo
2726 4248 2865 4296 rotis.

377 4299 635 4357 luentibus,
656 4301 745 4349 sibi
764 4302 1127 4350 mcc-edentibus
1148 4310 1197 4348 et
1219 4303 1377 4348 ferreo
1395 4304 1585 4350 vinculo
1646 4301 1837 4363 optime
1859 4304 2053 4351 Gnaeus
2077 4306 2182 4354 Inte
2244 4322 2343 4364 res,
2359 4308 2537 4369 deniq-r
2551 4308 2867 4360 abdmboeu.

379 4362 626 4416 connexis,
639 4365 725 4409 sed
740 4362 953 4410 trabibus
969 4378 1174 4424 quarum
1189 4371 1316 4411 esset
1332 4364 1581 4426 longitudo
1703 4365 1781 4412 36.
1811 4364 1946 4425 Qudd
1964 4366 2142 4416 deustos
2221 4375 2349 4418 utcu
2369 4369 2575 4419 tim-iun
2594 4370 2869 4434 videbunt-J

378 4420 554 4475 pedum
579 4436 657 4469 xi..
680 4433 733 4470 ut
754 4424 970 4483 superias
992 4426 1130 4483 dixit,
1151 4441 1258 4487 quat
1280 4427 1344 4473 ad
1376 4427 1583 4475 iatimdi·
1645 4425 1880 4475 Videntur
1908 4426 1936 4475 ὲ
1969 4431 2181 4478 cratibus
2217 4433 2511 4490 constitisse,
2530 4441 2682 4492 atq-a
2712 4433 2868 4482 etiam

378 4490 490 4523 nem
515 4483 637 4552 muri
659 4487 957 4535 conserebat,
1643 4487 1803 4548 aliqua
1824 4497 1981 4548 aetate,
2002 4493 2203 4550 tabulis3
2236 4494 2265 4542 a
2286 4496 2501 4544 cratibus
2522 4505 2694 4544 tamen
2715 4505 2769 4544 ct
2790 4504 2867 4544 ta·

412 4597 424 4609 .
445 4538 519 4582 19-
553 4540 729 4590 Duobus
761 4562 870 4593 xxv.
894 4551 1147 4613 aggerum]
1183 4550 1479 4598 Incredibilis
1501 4549 1580 4598 hic
1641 4551 1766 4597 bulis
1789 4552 1937 4599 fuisse
1957 4562 2008 4600 ct
2027 4554 2056 4602 a
2078 4556 2233 4604 vineis
2255 4558 2435 4605 diversi
2444 4572 2459 4616 3
2492 4560 2555 4605 de
2589 4560 2770 4619 quibus
2793 4558 2867 4607 aie

379 4598 566 4642 videtur
585 4600 910 4676 Romanorum
944 4610 1211 4671 diligentia,
1242 4613 1281 4659 si
1305 4627 1402 4659 non
1424 4613 1486 4659 sit
1506 4627 1579 4659 er-
1641 4612 1839 4660 Verrius
1882 4614 2107 4664 Flaccus:
2157 4618 2322 4667 Places·
2362 4625 2509 4668 crates
2549 4621 2679 4670 corio
2713 4619 2869 4672 crudo

365 4658 776 4712 ’ποῐίηιιιιωα-ιι.
812 4667 1042 4717 Latimdo
1057 4674 1205 4732 pon-b
1224 4674 1364 4736 hujus
1386 4676 1578 4739 aggeris
1639 4673 1828 4726 inte-‘cte
1875 4691 1980 4740 quo
2025 4678 2229 4730 nocem
2268 4682 2447 4746 opponi
2481 4682 2719 4733 utilitibus
2748 4695 2871 4749 opu
