3059 5050
364 318 446 378 :38
1121 308 1247 374 DE
1289 304 1594 373 BELLO
1639 308 2031 374 GALLICO

448 470 597 536 rent,
622 456 968 556 fortiterque
998 456 1283 541 impetum
1314 472 1652 520 nostrorum
1680 457 1934 521 militum
1955 456 2334 535 sustinerent3
2362 456 2612 540 priores,
2639 459 2808 541 quod

449 544 655 605 abesse
698 543 735 604 a
772 541 1039 626 periculo
1066 542 1427 619 viderentur,
1476 564 1669 626 neque
1716 543 1842 605 ulla
1885 542 2252 617 necessitate,
2305 562 2497 622 neque
2549 542 2811 626 irnperio

448 627 913 702 continerentur,
943 626 1232 688 exaudito
1261 626 1548 705 clamore,
1579 627 1939 711 perturbatis
1968 626 2299 701 ordinibus,
2328 646 2537 688 omnes
2565 627 2630 689 in
2661 628 2814 709 fuga

450 712 560 773 sibi
593 710 919 773 subsidium
950 725 1293 792 posuerunt.
1382 710 1478 773 Ita
1524 714 1651 773 sine
1693 712 1818 774 ullo
1845 710 2116 795 periculo
2145 724 2374 772 tantam
2411 731 2620 773 eorum
2654 712 2814 774 mul·

367 796 407 858 5
451 796 761 857 titudinem
809 794 995 855 nosti-i
1042 794 1481 873 interfecerunt,
1513 810 1804 879 quantum
1853 795 1964 857 suit
2005 794 2122 856 diei
2154 794 2449 878 spatium3
2491 797 2602 858 sub
2630 818 2815 858 occa·

451 899 698 959 sumque
726 877 867 939 solis
896 878 1063 961 sequi
1094 879 1462 958 destiterunt,
1493 902 1675 963 seque
1703 880 1766 942 iu
1786 894 2004 957 castra,
2034 879 2120 941 uti
2151 892 2281 940 erat
2311 879 2690 962 imperatum,
2723 902 2818 942 re-

450 983 519 1024 ce
596 975 752 1024 runt.

665 1093 680 1106 .
726 1045 1028 1109 Postridie
1070 1048 1195 1130 ejus
1224 1047 1342 1109 diei
1374 1048 1611 1125 Caesar,
1655 1049 1820 1133 prius
1848 1049 2029 1131 quam
2061 1069 2122 1109 se
2150 1048 2350 1111 hostes
2380 1069 2457 1111 ex
2485 1061 2714 1111 terrore
2745 1071 2822 1110 ac

450 1129 598 1212 suga
625 1131 976 1214 reciperent,
1002 1132 1063 1193 in
1096 1133 1240 1194 fines
1271 1132 1684 1210 Suessionum,
1715 1133 1816 1216 qui
1845 1132 2108 1218 proximi
2141 1131 2394 1194 Rhemis
2422 1146 2610 1210 erant,
2641 1154 2824 1195 exer-

373 1215 633 1279 lOcitum
664 1216 876 1277 duxitz
920 1229 979 1277 et
1026 1237 1252 1297 magno
1301 1212 1508 1279 itinere
1557 1216 1853 1293 consect0,
1908 1218 1988 1279 ad
2035 1216 2325 1317 oppidum
2379 1215 2824 1279 Noviodunum

450 1300 778 1362 contendit.
864 1298 937 1362 Id
968 1322 1045 1362 ex
1075 1301 1284 1363 itinere
1327 1322 1685 1386 oppugnare
1715 1316 1987 1378 conatnS,
2030 1301 2194 1383 quod
2225 1321 2481 1363 vacuum
2507 1302 2585 1362 ab
2614 1301 2829 1364 defen-

451 1384 688 1446 soribus
716 1405 842 1447 esse
873 1385 1186 1462 audiebat;
1216 1402 1462 1469 propter
1485 1385 1858 1447 latitudinem
1891 1386 2087 1463 sossae,
2117 1385 2389 1467 murique
2421 1385 2828 1463 altitudinem,

453 1468 663 1553 paucis
688 1467 1163 1546 defendentibus,
1194 1490 1549 1552 expugnare
1593 1490 1719 1532 nou
1767 1471 1980 1552 potuit.
2066 1469 2300 1531 Castris
2343 1470 2587 1531 munitis
2616 1471 2828 1532 vineas

454 1574 655 1635 agere,
689 1574 946 1635 quaeque
976 1554 1054 1615 ad
1080 1574 1118 1614 o
1163 1555 1560 1637 pugnandum
1603 1553 1736 1615 usui
1765 1568 1955 1630 erant,
1987 1574 2340 1653 comparare
2370 1554 2575 1637 coepit.
2661 1552 2829 1616 Inte-

377 1638 568 1701 15rim
600 1638 795 1698 omnis
819 1658 895 1699 ex
926 1637 1072 1720 fuga
1153 1659 1472 1699 uessonum
1520 1637 1840 1700 multitudo
1888 1638 1951 1700 in
2000 1639 2288 1722 oppidum
2335 1638 2615 1721 proxima
2645 1652 2831 1700 nocte

453 1722 755 1784 convenit.
843 1720 1139 1784 Celeriter
1168 1723 1355 1784 vineis
1398 1722 1477 1785 ad
1519 1722 1811 1806 oppidum
1843 1723 2011 1799 actis,
2053 1743 2279 1804 aggere
2311 1725 2506 1803 jacto,
2536 1723 2833 1784 turribus·

457 1828 572 1889 que
596 1806 952 1885 constitutiS,
982 1808 1400 1889 magnitudine
1430 1830 1468 1868 o
1511 1829 1701 1883 erum,
1748 1827 1888 1888 quoe
1917 1828 2111 1889 neque
2140 1807 2417 1868 viderant
2457 1820 2596 1868 ante
2637 1806 2830 1884 Galli,

456 1912 651 1975 neque
681 1892 1016 1969 audierant,
1063 1907 1122 1954 et
1149 1892 1453 1955 celeritate
1589 1912 1903 1953 manorum
1936 1892 2213 1975 permoti,
2243 1889 2476 1972 legatos
2505 1892 2583 1953 ad
2614 1886 2835 1953 Caesa-

459 1997 582 2039 rem
609 1977 685 2040 de
713 1976 1018 2040 deditione
1048 1978 1318 2040 mittunt:
1349 1993 1408 2040 et
1431 1977 1770 2061 petentibus
1799 1974 2054 2038 Rhemis
2083 1990 2149 2037 ut
2178 1988 2693 2052 conservarentur,
2717 1975 2838 2037 im-

260 2052 283 2069 ”
375 2064 716 2145 20petrant.

445 2161 455 2171 ·
545 2144 726 2208 XIII.
774 2144 1011 2220 Caesar,
1056 2142 1367 2206 obsidibus
1398 2143 1662 2226 acceptis
1691 2144 1899 2240 primis
1943 2144 2221 2221 civitatiS,
2265 2158 2445 2227 atque
2471 2144 2660 2228 ipsius
2686 2142 2841 2206 Gal-

460 2230 562 2291 boe
586 2229 745 2307 regis
769 2227 1006 2288 duobus
1030 2227 1187 2302 filiis,
1219 2227 1519 2309 armisque
1546 2230 1824 2288 omnibus
1853 2249 1931 2289 ex
1957 2250 1996 2289 o
2041 2230 2185 2312 pido
2215 2229 2542 2306 transditiS,
2567 2229 2630 2290 in
2661 2228 2838 2290 dedi-

462 2312 687 2372 tionem
713 2310 1042 2372 Suessones
1073 2311 1324 2394 accepit,
1349 2311 1798 2393 exercitumque
1818 2312 1878 2373 in
1905 2311 1998 2374 Be
2045 2334 2271 2375 ovacos
2289 2314 2493 2375 duxit:
2523 2312 2625 2396 qui
2693 2334 2842 2374 uum

466 2414 527 2455 se
557 2415 782 2477 suaque
824 2394 1030 2457 omnia
1059 2395 1120 2457 in
1152 2396 1441 2479 oppidum
1474 2394 1973 2481 Bratuspantium
2005 2397 2415 2475 contulissent,
2441 2412 2622 2480 atque
2650 2335 2731 2459 31,
2761 2418 2845 2459 eo

381 2479 694 2564 250ppido
725 2478 941 2543 Caesar
964 2500 1101 2543 cum
1133 2482 1400 2544 exercitu
1430 2481 1668 2544 circiter
1707 2480 1896 2544 millia
1925 2502 2207 2565 passuum
2243 2504 2299 2545 v.
2332 2484 2582 2560 abesset,
2630 2502 2847 2546 omnes

466 2567 723 2647 majores
754 2579 897 2628 natu
926 2587 1004 2628 ex
1047 2567 1277 2650 oppido
1307 2566 1550 2649 egressi,
1599 2587 1812 2628 manus
1863 2568 1941 2629 ad
1972 2565 2284 2629 Caesarem
2333 2569 2573 2629 tendere
2602 2581 2662 2628 et
2690 2588 2848 2630 voce

468 2649 810 2731 significare
852 2664 1182 2733 coeperunt,
1233 2672 1359 2713 sese
1402 2651 1465 2712 iu
1513 2653 1641 2733 ejus
1686 2651 1865 2713 fidem
1906 2672 1977 2712 ac
2009 2665 2362 2734 potestatem
2392 2652 2616 2729 venire,
2645 2673 2849 2733 neque

468 2747 680 2796 contra
708 2735 999 2818 populum
1028 2733 1112 2796 R.
1146 2736 1329 2797 armis
1358 2736 1748 2797 contendere:
1794 2735 1934 2796 item
1951 2757 2150 2816 quum
2192 2736 2272 2796 ad
2303 2737 2594 2819 oppidum
2639 2757 2848 2798 acces-

469 2819 653 2896 sisset,
688 2833 1001 2902 castraque
1031 2820 1115 2881 ibi
1141 2834 1410 2903 poneret,
1435 2819 1627 2902 pueri,
1659 2818 2054 2901 mulieresque
2081 2841 2159 2882 ex
2203 2840 2397 2897 muro,
2428 2820 2620 2903 passis
2650 2813 2860 2882 mani-⁸

385 2904 600 2981 nobas,
633 2926 741 2967 suo
767 2927 954 2982 more,
984 2926 1197 3004 pacem
1228 2904 1265 2966 a
1293 2903 1595 2966 Romanis
1620 2904 1935 2989 petierunt.

555 2987 733 3052 XIV.
780 2988 907 3052 Pro
950 2990 1041 3052 lus
1070 2988 1411 3052 Divitiacus
1463 2988 1635 3076 (nam
1677 3003 1814 3073 post
1842 2989 2168 3051 discessum
2197 2986 2554 3071 Belgarum,
2586 2987 2853 3052 dimissis

471 3071 813 3138 AEduorum
860 3096 937 3137 co
982 3075 1074 3152 iis,
1123 3075 1200 3137 ad
1244 3095 1381 3137 eum
1430 3073 1782 3159 reverterat)
1830 3072 1976 3135 facit
2004 3075 2222 3153 verba3
2266 3072 2631 3136 Bellovacos
2675 3075 2850 3136 omni

471 3173 741 3245 tempore
768 3161 831 3224 in
874 3161 915 3223 fl
961 3183 994 3223 e
1025 3174 1205 3242 atque
1236 3159 1502 3221 amicitia
1530 3159 1789 3220 civitatis
1821 3156 2045 3219 AEduae
2087 3157 2295 3220 fuisse:
2340 3158 2630 3242 impulsos
2659 3158 2698 3220 a
2725 3157 2852 3220 suis

472 3246 865 3329 principibus,
898 3246 999 3327 qui
1031 3246 1295 3306 dicerent
1326 3243 1562 3305 AEduos
1593 3243 1628 3304 a
1659 3241 1911 3304 Caesare
1934 3243 1996 3303 in
2022 3244 2365 3304 servitutem
2390 3243 2687 3318 redactoS,
2718 3262 2855 3304 om-

389 3332 579 3391 35nes
608 3331 997 3410 indignitates
1022 3327 1538 3409 contumeliasque
1567 3323 1845 3409 perferre,
1874 3340 1934 3387 et
1963 3328 2040 3387 ab
2071 3325 2290 3388 AEduis
2315 3326 2621 3404 defecisse,
2651 3341 2710 3389 et
2739 3347 2855 3410 po-

474 3413 622 3510 pulo
651 3412 734 3473 R.
768 3413 990 3475 bellum
1021 3411 1307 3473 intulisse.
1396 3411 1521 3493 Qui
1553 3410 1729 3493 hujus
1758 3410 1995 3473 consilii
2025 3411 2328 3495 principes
2371 3411 2637 3488 fuissent,
2684 3409 2856 3493 quod

475 3495 878 3576 intelligerent
960 3509 1207 3557 uantam
1259 3495 1663 3558 calamitatem
1711 3495 1942 3558 civitati
1988 3495 2343 3572 intulissent,
2375 3495 2436 3557 in
2466 3494 2858 3558 Britanniam

475 3578 832 3663 profugisse.
979 3593 1137 3642 etere
1163 3601 1290 3643 non
1320 3580 1515 3642 solum
1564 3577 1951 3659 Bellovacos,
1994 3581 2097 3643 sed
2128 3580 2308 3642 etiam
2334 3602 2447 3664 pro
2476 3580 2570 3642 his
2594 3579 2857 3657 AEdnos,

474 3678 542 3728 ut
594 3666 702 3727 sua
747 3664 1064 3728 clementia
1120 3688 1193 3728 ac
1254 3664 1715 3730 mansuetudine
1761 3665 1824 3728 in
1872 3687 1975 3727 eos
2027 3679 2257 3728 utatur:
2317 3665 2485 3751 quod
2530 3665 2580 3726 si
2628 3664 2855 3741 fecerit,

456 3825 529 3873 10.
558 3822 636 3872 Ad
676 3822 899 3887 oppidum
940 3823 1312 3887 Noviodunum]
1350 3825 1593 3873 Noviodu-
1722 3826 1794 3872 16.
1825 3825 2008 3887 Aggere
2031 3823 2202 3888 jarim]
2237 3825 2402 3885 Agger
2420 3837 2482 3872 ex
2501 3831 2651 3881 terra,
2687 3823 2858 3883 lapidi-

391 3902 507 3934 num
518 3887 705 3934 videtur
719 3901 841 3943 esse,
876 3901 969 3947 que
989 3889 1244 3947 postmodo
1260 3890 1477 3951 Augusta
1492 3889 1594 3935 dic·
1655 3889 1762 3946 bus,
1783 3888 2008 3949 lig-noque
2028 3889 2299 3944 constabat,
2317 3886 2376 3934 et'
2388 3895 2558 3934 contra
2571 3901 2759 3933 murum
2775 3901 2858 3934 ex·

390 3957 446 3998 ta
466 3959 540 3996 est
559 3947 730 4007 Populi
752 3959 914 4008 caput,
940 3948 1156 3997 Scimus.
1656 3950 1930 4006 tollebatur,
1952 3950 2013 3996 de
2035 3964 2130 4009 quo
2151 3949 2515 4010 telajsctarent.
2579 3947 2757 3995 Turres
2775 3963 2858 4011 ag·

457 4013 530 4059 13.
569 4009 739 4058 Castris
756 4009 948 4059 muniet:
962 4010 1120 4059 αἠεω
1138 4011 1312 4074 agera]
1355 4011 1520 4069 Vinea,
1540 4020 1596 4060 nt
1656 4012 1760 4073 geri
1782 4014 2249 4071 supet-struebantur,
2263 4019 2318 4058 ut
2330 4013 2504 4071 pinnas
2519 4025 2764 4057 murorum
2781 4025 2858 4056 nr·

391 4074 583 4133 scripsit
604 4073 847 4134 vegetius,
866 4071 893 4121 ὲ
921 4073 1168 4121 levioribus
1188 4073 1332 4136 lignis
1360 4073 1595 4132 maehina,
1658 4076 1748 4132 bis,
1785 4084 1929 4134 atque
1966 4074 2114 4120 etiam
2153 4082 2307 4120 mrres
2346 4074 2562 4132 lapideas
2599 4084 2859 4132 equarent.

390 4136 490 4184 alla
506 4134 699 4198 pedibus
716 4140 830 4192 odo,
851 4136 951 4184 lata
969 4140 1158 4198 septem,
1178 4136 1257 4184 lon
1293 4151 1325 4183 a
1339 4136 1566 4185 sexdecim
1582 4156 1597 4184 .-
1659 4133 1751 4184 Hls
1774 4138 1934 4197 plures
1951 4143 2068 4183 rota,
2091 4134 2369 4182 mechanica
2389 4144 2494 4182 arte
2516 4135 2860 4191 subdebantur,

390 4197 534 4263 hujtoe
547 4203 713 4246 tectum
724 4197 903 4261 duplici
923 4196 1179 4247 munitione
1382 4198 1436 4256 is,
1459 4198 1594 4247 cmli-
1657 4200 1741 4247 sed
1763 4199 2013 4246 interiores
2031 4198 2340 4258 latentesque,
2354 4212 2556 4258 quarum
2573 4197 2711 4256 lapsu
2727 4197 2860 4242 volu·

392 4259 559 4323 busque
575 4259 835 4309 contuitur
851 4281 865 4307 :
898 4261 1053 4308 latera
1074 4276 1261 4321 quoque
1278 4261 1453 4309 vimine
1468 4262 1594 4322 sepi·
1656 4261 1740 4307 bili
1776 4260 2056 4322 magnitudo
2088 4268 2187 4306 tarn
2211 4260 2374 4319 ampla
2407 4259 2701 4307 movebatur.
2765 4255 2862 4306 Ea·

391 4331 550 4378 untur,
572 4336 633 4369 ne
671 4337 896 4371 saxorum
916 4323 1213 4383 telorumque
1236 4323 1416 4383 impetu
1450 4339 1594 4384 pene·
1656 4337 1764 4369 rum
1786 4322 2183 4370 substructionem
2203 4322 2314 4369 vide
2336 4323 2466 4382 apud
2488 4319 2757 4383 vegetium,
2779 4319 2862 4367 lib.

392 4388 592 4438 ηοω.
655 4384 966 4435 Extrinsecus
982 4393 1161 4444 autem,
1174 4399 1235 4431 ne
1253 4384 1465 4434 immisso
1481 4401 1596 4434 con·
1659 4399 1724 4433 xv.
1746 4399 1855 4444 cap.
1876 4385 1948 4432 17.

393 4454 630 4491 cremetur
650 4446 889 4507 incendio,
910 4449 1071 4497 erudis
1088 4464 1147 4496 ac
1162 4448 1432 4496 recentibus
1455 4449 1597 4497 coriis
1719 4447 1797 4493 24.
1847 4445 2268 4510 Bratuspantium]
2315 4446 2488 4507 Populi
2529 4453 2692 4507 capnt,
2733 4457 2864 4492 nnnc

392 4503 469 4552 vel
490 4507 769 4556 centonibus
790 4511 1018 4570 operitur.
1061 4511 1172 4560 Isto
1193 4508 1301 4558 etim
1322 4512 1482 4570 plures
1498 4514 1598 4559 fac·
1662 4506 1908 4557 Beauvm’s.

393 4569 943 4679 toesqerint‚junguntnr
963 4574 1014 4621 in
1034 4574 1286 4630 ordinem5
1318 4575 1405 4621 sub
1427 4576 1599 4635 quibus
1722 4572 1802 4621 37.
1835 4569 1894 4620 In
1922 4569 2259 4634 Britanniam]
2292 4573 2407 4626 Qun
2437 4585 2565 4621 nunc
2605 4569 2783 4633 Angu-
2816 4577 2869 4618 et

388 4631 691 4741 &⁸2⁴¹thOE
705 4640 757 4677 tu
776 4637 891 4743 aad
905 4637 1182 4686 subruenda
1196 4650 1440 4686 murorum
1452 4652 1599 4699 pene·
1661 4629 1849 4710 Quoia
1867 4633 2121 4686 Britannia
2139 4633 2327 4685 dicitur.

441 4708 503 4742 an
569 4693 775 4742 undasne
865 4731 875 4742 .
