3059 5050
853 271 978 340 DE
1021 274 1326 343 BELLO
1367 268 1633 343 ALEX.
1677 276 1975 345 LIBER.
2481 287 2625 352 ³01

180 439 351 490 runt.
433 421 647 507 Itaque
675 443 861 487 naves
906 440 1133 504 omnes,
1164 446 1313 507 quas
1357 439 1600 510 paratas
1627 427 1962 491 habuerant
2006 426 2084 491 ad
2116 428 2545 511 navigandum,

184 509 752 596 propugnatoribus
794 509 1222 586 instruxerunt,
1251 510 1608 594 Caesarique
1650 511 1922 575 redeunti
1950 533 2089 575 cum
2120 512 2309 576 classe
2337 536 2551 578 occur-

183 608 435 672 rerunt3
479 593 582 677 qui
611 594 848 655 duabus
877 594 954 656 de
982 595 1209 656 caussis
1238 616 1312 657 eo
1339 596 1439 659 die
1500 596 1788 660 dimicare
1822 595 2096 675 nolebat3
2139 598 2303 679 quod
2331 612 2392 660 et
2417 599 2552 662 nul-

182 680 282 742 los
308 679 525 742 milites
554 679 615 741 in
646 677 902 741 navibus
930 678 1211 756 habebat,
1234 692 1294 742 et
1321 694 1459 764 post
1480 681 1691 744 boram
1716 701 1774 742 x.
1797 680 1920 743 diei
1942 701 2035 744 res
2059 682 2383 763 agebatur3
2425 705 2551 747 nox

180 778 393 826 autem
445 763 702 825 allatura
730 763 1045 826 videbatur
1071 767 1358 845 majorem
1388 764 1675 828 fiduciam
1706 765 1842 841 illis,
1890 765 1992 847 qui
2038 764 2307 828 locorum
2339 768 2552 831 notitia
2593 762 2641 829 ὅ

181 848 610 911 confidebant:
656 848 767 910 sibi
789 848 967 911 etiam
998 847 1277 911 hortandi
1302 870 1442 911 suos
1466 849 1760 913 auxilium
1784 849 2122 913 defuturum
2135 872 2154 928 ;
2198 850 2363 933 qnod
2384 852 2552 915 nulla

184 933 339 995 satis
367 932 589 995 idonea
614 946 767 995 esset
812 932 1091 1008 hortatio,
1120 931 1242 1015 qua
1284 953 1481 1015 neque
1507 936 1788 996 virtutem
1811 968 1814 975 »
1835 948 2040 1017 posset
2079 928 2311 1011 notare,
2359 956 2552 1018 neque

185 1018 492 1079 inertiam.
578 1015 816 1098 Quibus
860 1017 935 1076 de
980 1014 1206 1075 caussis
1257 1037 1461 1093 naveS,
1507 1037 1662 1098 quas
1709 1019 1923 1101 potuit,
1955 1017 2172 1081 Coesar
2207 1020 2286 1082 ad
2328 1033 2549 1084 terram

182 1101 482 1179 detrahit3
524 1121 698 1182 quem
730 1100 792 1160 in
821 1099 1021 1161 locum
1050 1096 1188 1159 illos
1211 1119 1591 1162 successuros
1618 1122 1743 1163 non
1769 1102 2170 1165 existimabat.

228 1248 244 1263 ,
276 1184 394 1249 ΧΙ.
453 1183 606 1247 Erat
632 1205 754 1245 una
782 1182 955 1246 navis
980 1181 1253 1260 Rhodia,
1290 1184 1353 1246 in
1400 1183 1618 1247 dextro
1664 1182 1934 1248 Caesaris
1979 1207 2208 1265 cornu,·
2235 1187 2422 1270 longe
2470 1191 2633 1252 ablo

187 1270 433 1353 reliquis
462 1268 779 1331 collocata.
867 1265 1050 1329 Hanc
1074 1268 1408 1353 conspicati
1438 1269 1655 1347 hostes,
1685 1289 1809 1332 non
1840 1283 2155 1333 tenuerunt
2182 1293 2334 1334 sese:
2379 1294 2552 1357 mag-

184 1376 389 1437 noque
418 1352 642 1437 impetu
672 1374 758 1433 xv,
790 1352 870 1415 ad
899 1372 1034 1413 eam
1065 1365 1386 1415 constratae
1432 1374 1637 1432 naves,
1665 1368 1726 1416 et
1754 1354 2094 1439 complures
2137 1369 2364 1440 apertoe
2404 1378 2550 1421 con·

185 1440 522 1502 tenderunt.
611 1436 734 1500 Cui
780 1450 1030 1499 coactus
1075 1448 1165 1499 est
1210 1435 1428 1509 Caesar
1472 1437 1628 1501 serre
1671 1439 2025 1517 subsidium,
2067 1461 2145 1503 ne
2190 1442 2442 1526 turpiter
2487 1443 2552 1505 in

182 1546 337 1587 cons
450 1536 515 1585 tu
562 1521 989 1585 contumeliam
1041 1522 1169 1584 acci
1248 1538 1367 1601 ret3
1439 1545 1622 1606 quam
1665 1545 1829 1600 uam,
1878 1524 1929 1587 si
1974 1525 2120 1607 quid
2166 1527 2414 1609 gravius
2465 1526 2554 1589 illi

183 1610 321 1673 acci
368 1609 382 1624 '
416 1620 523 1683 set,
550 1605 762 1668 merito
785 1626 1063 1668 casurum
1074 1607 1107 1688 j
1192 1607 1414 1669 icabat.
1486 1607 1636 1679 Prqe
1659 1606 1782 1670 ‘nm
1808 1610 2191 1673 commissum
2215 1624 2306 1673 est
2327 1611 2634 1694 magnal5

186 1693 575 1756 contentione
602 1689 1009 1767 Rhodiorum,
1035 1692 1138 1774 qui
1163 1713 1348 1774 quum
1376 1691 1442 1754 in
1466 1693 1745 1755 omnibus
1768 1693 2255 1758 dimicationibus
2277 1709 2338 1757 et
2361 1696 2552 1759 scien-

187 1778 278 1841 tia
300 1792 365 1840 et
391 1776 610 1838 virtute
638 1775 1070 1858 praestitissent,
1093 1788 1220 1838 tum
1247 1777 1511 1838 maxime
1542 1775 1648 1838 illo
1676 1789 1948 1860 tempore
1974 1789 2167 1841 totum
2197 1800 2349 1842 onus
2379 1781 2554 1843 susti-

190 1883 336 1924 nere
365 1882 490 1923 non
519 1860 915 1937 recusabant3
959 1879 1035 1921 ne
1080 1860 1242 1943 quod
1287 1880 1531 1923 suorum
1578 1859 1760 1944 culpa
1787 1861 2208 1926 detrimentum
2239 1878 2554 1948 acceptum

191 1946 521 2009 videretur.
604 1943 702 2007 Ita
737 1942 1015 2027 proelium
1064 1944 1556 2007 secundissimum
1602 1958 1694 2007 est
1735 1944 1981 2009 factum.
2068 1946 2274 2031 Capta
2316 1964 2408 2010 est
2434 1970 2556 2012 una

130 2060 135 2067 ·
194 2032 460 2094 hostium
508 2028 941 2111 quadriremis:
996 2029 1280 2112 depressa
1328 2043 1417 2092 est
1464 2029 1676 2093 altera.
1759 2028 2001 2094 Deinde
2047 2052 2254 2095 omnes
2299 2032 2638 2117 epibatisffl)

196 2117 471 2178 nudatoe:
515 2134 741 2195 magna
767 2127 1063 2197 praeterea
1093 2112 1412 2176 multitudo
1458 2114 1521 2177 in
1564 2114 1804 2197 reliquis
1844 2116 2098 2178 navibus
2139 2133 2557 2202 propugnato-

194 2221 328 2263 rum
374 2212 465 2261 est
509 2197 836 2261 interfecta.
924 2196 1112 2279 Quod
1158 2198 1270 2260 nisi
1319 2220 1443 2262 nox
1490 2198 1772 2284 proelium
1819 2200 2169 2279 diremisset,
2200 2202 2328 2265 tota
2366 2203 2558 2266 classe

191 2285 451 2348 hostium
479 2282 701 2346 Caesau
724 2282 945 2366 potitus
958 2296 1143 2346 esset.
1230 2281 1368 2346 Hac
1397 2282 1744 2347 calamitate
1769 2285 2093 2368 perterritis
2122 2286 2410 2365 hostibus,
2445 2288 2554 2351 ad-

191 2391 366 2433 verso
394 2382 574 2431 vento
603 2367 813 2431 leniter
842 2369 1043 2445 flante,
1074 2388 1259 2433 naves
1295 2368 1604 2432 onerarias
1633 2366 1853 2432 Caesar
1896 2370 2164 2435 remulco
2202 2372 2551 2435 victricibus

192 2455 312 2517 suis
340 2452 776 2517 Alexandriam
806 2452 1067 2515 deducit.
1825 2498 1834 2509 .
2549 2456 2633 2520 25

278 2538 427 2603 ΧΠ.
472 2537 573 2602 Eo
617 2539 974 2602 detrimento
1002 2538 1156 2602 adeo
1188 2553 1325 2601 sunt
1359 2539 1533 2603 fracti
1565 2538 1983 2618 Alexandrini,
2025 2563 2210 2625 quum
2258 2564 2382 2606 non
2415 2545 2550 2626 jam

190 2626 409 2689 virtute
438 2639 979 2709 propugnatorum,
1029 2624 1134 2686 sed
1182 2624 1431 2687 scientia
1475 2624 1920 2688 classiariorum
1949 2647 2014 2688 se
2041 2627 2230 2690 victos
2258 2627 2549 2692 viderent.

189 2710 230 2748 ³*
259 2709 520 2792 Quibus,
565 2723 627 2772 et
653 2708 1059 2793 superioribus
1107 2708 1255 2771 locis
1284 2708 1768 2787 sublevabantur,
1797 2724 1867 2773 ut
1893 2732 1971 2772 ex
2000 2711 2276 2775 aedificiis
2310 2711 2553 2776 defendi

189 2809 460 2880 possent:
505 2807 565 2857 et
590 2794 900 2857 materiam
939 2805 1218 2856 cunctam
1249 2794 1599 2877 objicerent,
1630 2794 1794 2877 quod
1824 2808 2050 2859 nostroe
2077 2795 2285 2859 classis
2312 2817 2353 2859 o
2395 2818 2555 2881 pug-

176 2880 492 2944 ‘nationem
523 2879 703 2942 etiam
747 2878 827 2941 ad
873 2891 1094 2941 terram
1123 2879 1501 2942 verebantur.
1592 2877 1806 2956 Iidem,
1855 2895 2062 2963 postea
2108 2881 2289 2980 quam
2402 2881 2637 2964 any-80

188 2966 393 3028 medes
434 2965 496 3028 in
526 2963 780 3027 consilio
809 2963 1210 3040 confirmavit,
1241 2984 1367 3026 sese
1394 2976 1456 3026 et
1483 2984 1605 3041 eas,
1636 2985 1777 3045 quoe
1805 2975 2000 3026 essent
2027 2985 2286 3041 amissae,
2318 2966 2553 3028 restitu-

188 3064 412 3127 turum,
442 3063 502 3113 et
529 3070 839 3111 numerum
871 3049 1289 3124 adaucturum,
1322 3046 1548 3130 magna
1576 3069 1680 3132 spe
1708 3060 1769 3111 et
1798 3047 2024 3110 fiducia
2043 3062 2273 3111 veteres
2310 3049 2554 3112 reficere

186 3156 394 3211 naves,
439 3133 895 3215 accuratiusque
936 3133 1075 3195 huic
1105 3133 1191 3195 rei
1221 3133 1457 3195 studere
1485 3145 1665 3214 atque
1694 3132 1979 3195 inservire
2001 3131 2412 3212 instituerunt:
2457 3153 2551 3211 ac,

186 3219 425 3285 tametsi
468 3217 731 3302 amplius
769 3219 868 3280 cxss
898 3212 1152 3280 navibus
1180 3217 1380 3299 longis
1422 3218 1485 3279 in
1528 3231 1705 3300 portu
1741 3216 2178 3299 navalibusque
2208 3216 2566 3295 amiserant,

188 3327 315 3368 non
363 3317 563 3367 tamen
612 3303 969 3387 reparandae
1016 3302 1222 3366 classis
1263 3302 1693 3384 cogitationem
1736 3302 2158 3385 deposuerunt.
2243 3299 2634 3366 Videbunt&

189 3391 349 3453 enim
380 3411 506 3451 non
553 3388 786 3452 auxilia
829 3385 1087 3465 caesari,
1133 3409 1256 3450 non
1286 3401 1655 3450 commeatus
1686 3388 2027 3471 supportari
2059 3407 2253 3471 posse,
2283 3387 2331 3448 si
2363 3387 2555 3451 classe

188 3476 306 3561 ipsi
352 3473 642 3537 valerent.
729 3471 1039 3535 Praeterea
1084 3472 1307 3535 nautici
1356 3473 1646 3549 homines,
1677 3485 1737 3534 et
1778 3471 1943 3534 urbis
1972 3484 2031 3535 et
2058 3471 2322 3555 regionis
2370 3473 2553 3536 mari-

194 3562 380 3636 timae,
426 3559 902 3643 quotidianoque
932 3578 1041 3619 usu
1074 3557 1111 3619 a
1140 3557 1338 3641 pueris
1365 3557 1698 3635 exercitati,
1744 3558 1822 3620 ad
1868 3556 2140 3620 naturale
2169 3579 2242 3619 ac
2270 3556 2552 3620 domesti-

191 3665 332 3709 cum
356 3646 583 3707 bonum
606 3643 880 3724 refugere
903 3642 1254 3726 cupiebant;
1282 3655 1360 3720 et,
1380 3655 1669 3724 quantum
1739 3642 1962 3704 arvalis
1988 3642 2245 3724 navigiis
2267 3642 2553 3726 profecis-

192 3741 343 3806 sent,
368 3730 727 3792 sentiebant:
764 3728 965 3809 itaque
989 3728 1153 3789 omni
1178 3727 1374 3790 studio
1398 3728 1478 3790 ad
1502 3748 1692 3811 paran
1737 3747 1834 3789 am
1859 3726 2107 3789 classem
2132 3727 2636 3790 incubuerunt.40

279 3811 458 3877 XIII.
507 3813 705 3877 Erant
737 3812 1019 3878 omnibus
1050 3812 1215 3874 ostiis
1243 3810 1376 3874 Nili
1414 3812 1720 3875 custodite
1748 3811 2031 3892 exigendi
2062 3811 2311 3895 portorii
2342 3811 2557 3873 caussa

193 3899 288 3964 dis
400 3899 520 3962 ’tae.
608 3897 812 3961 Naves
858 3911 1086 3960 veteres
1132 3910 1305 3960 erant
1348 3897 1410 3959 in
1459 3896 1710 3970 occultis
1757 3917 1821 3959 re
1867 3897 1945 3959 iae
1974 3896 2308 3973 navalibus,
2339 3896 2555 3978 quibus

194 4007 295 4049 mu
321 3985 393 4047 tis
434 3985 607 4047 annis
652 3985 732 4046 ad
779 3982 1189 4065 navigandum
1238 4003 1359 4044 non
1405 3996 1579 4044 erant
1624 3982 1733 4043 usi.
1821 3919 1954 4044 {Ias
2000 3981 2380 4058 reficiebant3
2422 3978 2555 4042 illas

262 4115 328 4160 15.
356 4111 521 4161 Merit&
540 4125 755 4160 casurum
771 4110 1055 4176 judicabat]
1099 4109 1237 4162 Quod
1258 4107 1381 4155 scili·
1504 4109 1577 4153 28.
1605 4109 1629 4134 ⁸
1650 4105 1840 4166 Qteibm,
1862 4111 1905 4154 et
1924 4103 2237 4169 „aperior-ihm
2249 4102 2392 4163 lotia]
2456 4101 2639 4163 Magna

194 4184 271 4226 eet
292 4191 341 4223 se
361 4176 390 4223 a
411 4175 603 4234 reliquis
624 4172 805 4233 longius
828 4172 1120 4233 segregat-at.
1442 4169 1636 4226 lacuna,
1658 4184 1760 4226 qute
1777 4170 1838 4216 sit
1853 4184 1944 4228 ope
1960 4169 2208 4229 cujusdam
2224 4163 2508 4224 exempl-ria
2525 4163 2638 4210 hac·

255 4240 330 4285 20.
348 4237 527 4285 Deinde
541 4250 693 4284 omnes
705 4234 897 4298 epibatis
914 4233 1135 4294 nudula]
1166 4233 1385 4293 Epibatoe
1446 4241 1585 4279 tenus
1624 4231 1759 4278 invisi
1792 4231 2046 4290 explenda,
2077 4228 2169 4289 qu&
2199 4230 2402 4274 fortasse
2432 4239 2636 4272 comme·

195 4316 287 4348 vox
304 4302 473 4346 Graeca
493 4311 867 4358 quae‘ascemora
887 4295 1141 4356 significat.
1203 4294 1385 4342 Turne·
1449 4301 1683 4341 moratum
1719 4295 1876 4340 suerat
1907 4292 2175 4340 incendium
2211 4290 2344 4345 illud,
2379 4301 2474 4345 quo
2509 4300 2635 4334 com-

194 4365 283 4411 bas
296 4363 434 4424 legit:
459 4363 579 4409 Duoe
597 4358 809 4408 omnibus
823 4356 1013 4420 epibatis
1027 4356 1233 4412 nudatae,
1246 4360 1385 4414 bene,
1448 4357 1610 4416 pulsus
1631 4363 1703 4402 est
1719 4356 1981 4414 periculum
1998 4351 2293 4414 propulsare,
2309 4365 2403 4409 quo
2422 4349 2635 4396 incendio

196 4441 303 4474 men
321 4426 510 4484 quidem
528 4422 778 4469 sententia.
826 4420 1034 4481 Adjuvat
1056 4420 1178 4467 banc
1196 4421 1384 4482 conjec-
1449 4432 1627 4478 magna
1649 4417 1930 4465 bibliotheca
1951 4413 2283 4476 conflagravit,
2305 4419 2424 4459 teste
2453 4411 2634 4459 Plutar-

196 4496 350 4536 tnram
391 4485 517 4544 quod
548 4486 644 4531 duo
678 4479 820 4529 MSS.
864 4482 1074 4528 Tbuanae
1105 4481 1386 4528 biblotheca
1448 4481 1540 4526 cho
1563 4479 1612 4525 in
1636 4479 1839 4538 (ἔειπε.
2280 4498 2288 4507 ·

196 4551 372 4598 habent
413 4545 638 4595 omnibus.
702 4543 828 4590 Nihil
874 4553 1033 4591 autem
1075 4552 1148 4590 est
1184 4545 1385 4601 facilius,
1508 4542 1588 4588 41.
1614 4541 1838 4589 Omnibus
1851 4539 1975 4589 ostiis
1993 4538 2135 4600 Mle]
2172 4537 2292 4586 Sunt
2313 4545 2491 4597 septen
2513 4534 2648 4598 cath,

197 4611 333 4673 quam
355 4626 416 4657 ex
438 4608 543 4656 duce
568 4609 745 4654 factum
767 4621 871 4652 esse
890 4605 1072 4652 deinde.
1449 4603 1561 4650 Nili.

193 4741 207 4752 ἡ
255 4673 332 4734 251.
353 4670 610 4732 Remum]
654 4669 729 4716 De
750 4668 958 4717 remulco
981 4682 1126 4728 supra
1148 4668 1340 4717 dictum.
1450 4727 1492 4774 U
1512 4728 1546 4776 2
