3059 5050
848 251 972 319 DE
1015 250 1323 317 BELLO
1364 248 1628 314 ALEX.
1673 247 1973 314 LIBER.

2407 243 2415 254 ‘
2501 258 2618 319 311

167 406 328 471 bere
355 416 650 491 poterant,
680 402 846 488 quod
874 402 1129 467 fideliter
1150 413 1604 485 permanserant
1632 398 1693 461 in
1723 396 1992 461 Caesaris
2011 396 2302 478 amiciti&
2345 419 2541 483 neque

172 491 494 554 vetustatis
520 489 961 564 auctoritatem,
992 487 1201 570 paucis
1230 486 1441 547 diebus
1483 504 1656 564 reges
1683 482 2008 545 constituti.

2098 482 2293 546 Simul
2322 485 2400 547 ad
2430 486 2544 547 im-

170 577 337 659 perii
362 575 549 638 nostri
578 573 935 657 dignitatem
963 570 1395 652 utilitatemque
1418 568 1724 651 publicam
1755 567 2050 651 pertinere
2072 568 2472 648 existimabat,
2492 570 2544 632 si

171 674 608 742 permanerent
636 660 697 720 in
728 658 848 720 fide
876 676 1068 738 reges,
1098 653 1394 739 praesidiis
1422 674 1526 714 eos
1557 653 1774 713 nostris
1801 672 1929 714 esse
1975 665 2154 728 tutos,
2207 669 2266 715 et
2311 654 2438 730 hoS,
2492 654 2542 715 si

169 758 382 806 essent
410 743 656 825 ingrati,

771 762 862 804 sse
905 740 1114 802 iisdem
1160 737 1457 821 praesidiis
1502 737 1794 798 cofirceri.

1883 735 1987 798 Sic
2040 737 2218 798 rebus
2265 739 2543 800 omnibus
2586 740 2626 799 5

169 829 477 893 consectis
504 842 563 890 et
591 827 691 889 col
714 826 918 901 ocatis,
950 825 1076 907 ipse
1104 823 1314 884 itinere
1344 820 1604 883 terrestri
1651 820 1954 904 profectus
1982 835 2072 883 est
2100 821 2159 883 in
2192 819 2458 903 Syriam.

271 910 584 975 XXXIV.
646 906 818 973 Dum
870 910 1002 971 haec
1050 908 1111 969 in
1181 904 1395 1053 AEgyK

171 995 529 1059 Domitium
559 995 901 1069 Calvinum,
932 993 1031 1054 cui
1083 990 1300 1054 Caesar

1397 918 1461 1003 to
1524 920 1836 988 geruntur,
1906 927 2015 967 rex
2079 904 2407 968 Deiotarus
2464 908 2545 970 ad

1388 1011 1560 1066 siam,

1615 990 2019 1072 finitimasque
2065 990 2412 1073 provincias
2436 991 2546 1053 ad-

174 1081 613 1144 ministrandas
656 1078 1071 1153 transdiderag
1115 1077 1322 1155 veuit3
1388 1089 1650 1152 oratum,
1697 1096 1773 1137 ne
1823 1075 2174 1141 Armeniam
2228 1075 2543 1152 minorem,

174 1186 444 1248 regnum
476 1186 663 1241 suum,
694 1184 884 1245 neque
938 1160 1425 1245 Cappadociam,
1470 1180 1726 1241 regnum
1754 1158 2208 1237 Ariobarzanis,
2256 1160 2630 1243 possiderilo

172 1250 528 1333 vastarique
571 1260 872 1332 pateretur
902 1247 940 1309 a
967 1244 1327 1309 Pharnace:
1374 1264 1494 1327 quo
1543 1244 1707 1306 malo
1753 1244 1867 1307 nisi
1913 1244 2327 1322 liberarentur,
2356 1245 2546 1329 impe-

174 1348 319 1397 rata
348 1335 458 1395 sibi
500 1334 713 1410 facere,
746 1331 1183 1418 pecuniamque
1212 1329 1570 1413 promissam
1602 1328 1839 1391 Caesari
1871 1350 1994 1391 nou
2025 1349 2201 1413 posse
2230 1351 2292 1392 se
2316 1329 2545 1428 persol-

172 1440 340 1481 vere.
428 1416 733 1482 Domitius
786 1438 908 1479 non
962 1417 1191 1477 tantum
1248 1414 1327 1481 ad
1371 1414 1766 1498 explicandos
1810 1428 2078 1498 sumptus
2117 1415 2202 1476 rei
2251 1414 2544 1492 militaris,

170 1525 364 1585 quum
397 1503 717 1586 pecuniam
750 1501 1147 1563 necessariam
1189 1521 1317 1562 esse
1347 1500 1698 1582 judicaret,-
1722 1501 1824 1562 sed
1870 1501 2049 1561 etiam
2096 1511 2272 1583 turpe
2314 1498 2545 1583 populo

169 1587 369 1650 Rom.
401 1601 458 1649 et
487 1586 729 1649 Caesari
757 1584 993 1663 victori,
1019 1585 1248 1667 sibique
1285 1582 1507 1647 infame
1537 1605 1665 1646 esse
1695 1597 1993 1661 statueret,
2025 1605 2212 1665 regna
2242 1584 2640 1647 sociorumlb‘*

169 1687 361 1754 atque
385 1671 718 1734 amicorum
750 1671 828 1733 ab
857 1684 1108 1732 externo
1136 1691 1280 1751 rege
1305 1669 1616 1752 occupari,
1639 1669 1883 1730 nuntios
1907 1668 2216 1730 confestim
2244 1670 2322 1730 ad
2346 1667 2545 1731 Phar-

168 1778 394 1818 nacem
443 1755 623 1831 misit,
672 1754 964 1817 Armenia
1010 1752 1537 1836 Cappadociaque
1583 1753 1915 1829 decederet,
1955 1774 2105 1814 neve
2149 1755 2545 1836 occupatione

169 1841 323 1902 belli
355 1840 567 1916 civilis,
598 1838 809 1923 populi
853 1838 1041 1900 Rom.
1076 1839 1181 1919 jus
1224 1838 1716 1919 majestatemque
1746 1850 2017 1898 tentaret.
2105 1834 2286 1899 Hanc
2316 1837 2548 1899 denun-

172 1926 494 1988 tiationem
544 1944 729 2005 quum
779 1924 1068 2006 majorem
1097 1922 1219 1984 vim
1269 1922 1609 1983 habituram
1657 1920 2045 1997 existimaret,
2077 1922 2126 1982 si
2168 1921 2418 2005 propius
2445 1942 2548 1983 eas

173 2010 462 2091 regiones
507 2029 643 2070 cum
688 2007 954 2070 exercitu
1001 2007 1383 2083 accessisset3
1427 2006 1507 2067 ad
1553 2005 1824 2087 legiones
1871 2005 2191 2089 profectus,
2239 2026 2420 2068 unam
2469 2009 2632 2068 ex20

177 2095 374 2156 tribus
404 2114 609 2155 mvr.
642 2114 841 2155 secum
871 2093 1056 2169 ducit,
1087 2112 1160 2154 11.
1192 2091 1253 2154 in
1283 2089 1627 2173 AEgyptum
1658 2091 1737 2153 ad
1767 2089 2079 2152 Caesarem
2111 2090 2309 2167 mittit,
2338 2089 2546 2152 litteris

177 2179 311 2260 ejus
368 2192 690 2257 evocatas3
748 2198 1001 2260 quarum
1048 2175 1235 2238 altera
1277 2176 1342 2238 in
1394 2175 1555 2237 bello
1601 2174 2019 2238 Alexandrino
2072 2196 2195 2238 non
2246 2175 2510 2237 occurrit
2527 2198 2547 2254 3

176 2264 347 2344 quod
396 2262 609 2324 itinere
634 2265 893 2324 terrestri
906 2283 1031 2409 tper
1062 2260 1307 2343 Syriam
1355 2273 1485 2322 erat
1530 2260 1731 2322 missa.

174 2348 379 2409 mitius
411 2346 638 2428 legioni
666 2367 872 2413 xxxvt.

1817 2260 2118 2342 Adjungit
2146 2258 2376 2323 Cneius
2412 2258 2547 2321 Do-

950 2368 1057 2409 uas
1087 2345 1124 2408 a
1152 2344 1470 2421 Deiotaro,
1496 2366 1647 2429 quas
1672 2344 1772 2407 ille
1795 2345 2115 2429 disciplina
2140 2359 2319 2427 atque
2349 2366 2548 2407 arma·

173 2432 315 2495 tura
343 2432 549 2494 nostra
577 2432 918 2514 complures
948 2452 1141 2494 annos
1177 2431 1529 2493 constitutas
1577 2431 1860 2506 habebat,
1892 2430 2235 2513 equitesque
2278 2433 2629 2509 centum;25

174 2517 546 2601 totidemque
575 2518 654 2580 ab
683 2516 1100 2580 Ariobarzane
1130 2516 1330 2580 sumit.
1414 2513 1607 2579 Mittit
1649 2514 1725 2578 P.
1772 2514 2048 2579 Sextium
2095 2515 2170 2578 ad
2203 2512 2280 2577 C.
2311 2512 2544 2578 Plaeto-

175 2602 331 2664 rium
365 2616 744 2686 quaestorem,
777 2617 840 2665 ut
886 2602 1187 2684 legionem
1236 2602 1581 2678 adduceret,
1613 2622 1752 2683 quae
1796 2622 1871 2663 ex
1914 2600 2314 2664 tumultuariis
2342 2600 2546 2664 militi-

174 2688 290 2749 bus
319 2690 381 2751 in
410 2686 615 2750 Ponto
661 2687 937 2750 confecta
982 2700 1142 2765 erat3
1195 2685 1647 2769 Quinctumque
1675 2685 2005 2747 Partisium
2055 2686 2116 2748 in
2150 2683 2433 2748 Ciliciam
2466 2686 2546 2750 ad

175 2773 409 2835 auxilia
454 2772 838 2836 accersenda.
926 2772 1087 2856 Quae
1130 2773 1328 2855 copiae
1376 2769 1648 2835 celeriter
1676 2791 1887 2833 omnes
1921 2772 2099 2853 jussu
2129 2768 2388 2833 Domitii
2417 2769 2548 2833 Co·-

175 2878 377 2919 manae
407 2871 837 2920 Convenerunt.

238 3039 282 3087 7.
320 3039 416 3085 Rex
438 3038 718 3101 Deiota-us]
784 3037 1038 3086 Deiotarus
1061 3037 1261 3086 Galatia
1284 3053 1371 3086 rex
1430 3038 1565 3086 latia.

175 3116 269 3160 ope
292 3101 488 3160 Pompei
522 3103 676 3148 sactus
714 3102 884 3157 suerat,
927 3115 1015 3160 pro
1047 3115 1142 3160 quo
1170 3115 1289 3160 erga
1320 3115 1371 3147 se

176 3163 348 3209 merito
370 3163 475 3224 ejus
497 3172 657 3222 partes
690 3163 736 3209 in
772 3164 898 3210 bello
929 3163 1055 3209 civili
1076 3171 1246 3209 contra
1271 3163 1371 3208 Ce-

179 3239 336 3271 sarem
358 3222 499 3271 enixe
519 3224 659 3285 juvit.
726 3225 798 3272 Ad
833 3225 1035 3272 Caesaris
1070 3224 1374 3272 clementiam

179 3297 287 3346 post
315 3286 532 3346 proelium
554 3286 882 3334 Pliarsalicum
914 3298 1157 3347 receptum
1193 3287 1374 3342 habuit,

180 3351 207 3395 a
228 3364 321 3408 quo
344 3349 478 3409 regui
515 3359 654 3407 parte
677 3347 918 3406 multatus,
947 3351 1141 3397 tandem
1179 3363 1373 3396 accusa·

181 3420 253 3457 tus
274 3411 400 3470 quod
422 3410 600 3460 eman-i
617 3414 747 3471 apud
770 3427 819 3459 se
841 3413 1098 3459 diversanti
1115 3419 1241 3458 esset
1262 3410 1372 3457 insi·

181 3474 350 3529 diatus,
383 3472 625 3521 luculenta
664 3473 744 3520 illa
764 3475 981 3522 oratione
1005 3475 1247 3521 Ciceronis
1269 3488 1373 3533 quoe

183 3549 305 3581 nunc
326 3544 498 3593 exstat,
520 3537 742 3582 defensus
769 3547 855 3583 eat.
918 3537 1151 3584 Extrema
1181 3537 1372 3583 demum

184 3606 420 3644 senectute
435 3597 624 3644 auxiliis
648 3598 843 3645 Brutum
856 3599 999 3660 juvit.

245 3661 288 3704 8.
321 3659 575 3708 Domitium
595 3659 880 3734 Calc-imam.)
948 3662 1090 3709 Hunc
1112 3659 1374 3707 Domitium

185 3719 433 3770 Calvinum
455 3723 645 3768 miserat
668 3724 832 3771 cmm
847 3738 894 3770 in
922 3724 1081 3771 Asiam
1105 3731 1211 3781 poet
1248 3737 1371 3783 proe-

185 3783 294 3828 lium
332 3782 670 3839 Pharsalicum,
702 3784 781 3843 qui
804 3800 913 3832 eam
935 3787 1006 3832 sui
1043 3787 1236 3832 nomine
1263 3783 1371 3846 jam

186 3860 338 3892 rerum
361 3843 495 3904 potiti
518 3846 888 3895 administraret.

242 3910 284 3953 9.
330 3907 601 3960 Armeniam
642 3909 907 3974 minorem]
988 3909 1218 3958 Armenia
1251 3911 1373 3958 Asiae

187 3969 330 4031 regio,
352 3969 400 4015 in
416 3970 651 4032 majorem
671 3980 718 4018 et
734 3973 965 4022 minorem
988 3973 1229 4031 dividitur,
1250 3983 1301 4019 ut
1325 3973 1373 4022 'm

187 4031 357 4078 notitiis
381 4032 566 4091 imperii
603 4032 808 4081 Romani
845 4036 1143 4094 perspicitur.
1211 4034 1375 4096 Major

188 4095 389 4141 secunda
419 4096 547 4142 dicta
581 4104 654 4142 est
691 4097 1028 4155 posterioribus
1066 4097 1375 4157 temporibus,

188 4158 336 4202 minor
352 4155 463 4204 νῖτὸ
479 4158 648 4216 prima.
712 4158 829 4205 Haec
852 4158 1006 4205 minor
1021 4159 1257 4206 clauditur
1277 4158 1374 4205 Eu-

188 4219 347 4276 phrate
363 4221 424 4265 ab
446 4219 647 4277 oriente,
662 4222 725 4266 ob
741 4235 916 4267 occasu
935 4221 1185 4270 Scordisco
1199 4229 1373 4268 monte.

190 4281 323 4327 Dicta
335 4291 408 4327 est
421 4284 567 4328 etiam
594 4281 879 4343 Leucusyda.
944 4283 1101 4332 Hodie
1126 4282 1373 4346 Pegt'anct

214 4467 224 4479 ·
250 4405 315 4451 10.
353 4405 395 4453 C
486 4405 731 4466 adoriam]
755 4404 1067 4474 Cappadocia
1083 4407 1207 4455 Asia
1225 4407 1374 4456 mino·

189 4469 1375 4578 „¹¹:33¹”ssafiafffflffiffismNz'ffutzoemtffl

190 4592 404 4638 dividitur
425 4591 453 4638 ὰ
475 4590 659 4646 Cilicii,
696 4592 760 4637 ad
797 4592 1025 4640 orientem
1062 4594 1284 4641 Armenia
1302 4602 1374 4641 est

190 4666 233 4698 et
254 4653 459 4711 Colchis,
477 4655 539 4700 ad
554 4654 847 4700 occidentem
867 4653 1198 4714 Paphlagonia
1213 4665 1260 4702 et
1279 4657 1373 4702 Ga·

2549 2859 2634 2918 30

1627 3038 1869 3086 Dividitur
1890 3038 1938 3085 in
1961 3038 2232 3097 provincias
2254 3038 2478 3086 mitiores.

1494 3100 1565 3147 lb.
1595 3100 1955 3160 Ariobarzanen]
2003 3101 2353 3147 Ariobarzanes
2377 3101 2633 3161 Cappado-

1436 3162 1520 3209 cioe
1555 3178 1659 3219 rex,
1698 3162 1879 3208 anticus
1917 3162 2077 3220 populi
2113 3161 2169 3208 R.
2205 3173 2311 3207 orto
2348 3163 2472 3208 bello
2510 3167 2635 3212 inter

1438 3224 1680 3274 caesmm
1701 3234 1750 3272 et
1771 3224 2067 3283 Pompeium,
2097 3223 2403 3282 Pompeianis
2419 3227 2634 3283 partibus
2683 3227 2688 3232 '

1436 3288 1632 3342 studuit,
1654 3301 1742 3345 pro
1758 3301 1853 3346 quo
1866 3287 2022 3333 studio
2044 3286 2231 3333 videtur
2247 3286 2409 3346 aliqua
2431 3290 2636 3347 pecunia

1437 3350 1583 3397 suine
1605 3348 1634 3397 a
1650 3350 1842 3396 Caesare
1865 3350 2160 3406 mulctatum,
2177 3362 2320 3407 quam
2345 3350 2423 3396 ille
2440 3365 2636 3398 necesse

1435 3413 1705 3472 dependere
1727 3419 1865 3459 esset

1502 3476 1574 3521 11.
1606 3473 1884 3534 Pharnace]
1909 3472 2201 3530 Pharnaces,
2216 3486 2340 3520 cauo
2357 3473 2637 3524 Mithridate

1437 3548 1588 3596 patre.
1633 3536 1865 3597 Bosphori
1881 3550 1964 3582 rex
1983 3538 2133 3584 factus
2148 3535 2175 3582 ἐι
2191 3536 2370 3584 victore
2389 3536 2636 3597 Pompeio,

1435 3599 1687 3646 occasione
1709 3598 1816 3646 belli
1833 3598 1984 3644 civilia
1999 3612 2111 3644 usus
2129 3612 2413 3656 recuperare
2436 3615 2634 3660 regnum

1436 3671 1689 3721 paternum
1732 3660 1949 3715 tentavit,
2001 3660 2298 3732 primumque
2344 3661 2635 3734 Colchorum

1433 3736 2244 3845 zassssmnffissssssqffiffim‘:
2276 3723 2640 3845 ἓᾞὲῗιίἒῗέἓῖζ

1434 3857 1588 3896 totam
1632 3847 1907 3896 Armeniam
1941 3854 1990 3893 et
2034 3846 2354 3906 Cappadociae
2399 3845 2632 3907 Pontique

1434 3919 1597 3970 partes
1619 3911 1803 3968 aliquas
1825 3920 1874 3956 et
1907 3907 2182 3969 Bithynicos
2212 3909 2445 3968 quasdam
2467 3910 2636 3960 civita-

1435 3982 1508 4020 tes
1530 3973 1793 4032 occupavit.
1873 3971 1990 4018 Haec
2028 3971 2190 4018 omnia
2226 3970 2499 4032 negligente
2532 3972 2634 4020 Ca:-

1437 4049 1563 4092 sare,
1596 4044 1644 4081 et
1666 4036 1715 4081 in
1737 4035 1949 4095 AEgypto
1971 4034 2144 4080 bellum
2165 4042 2381 4093 gerente,
2419 4036 2544 4091 quod
2584 4045 2638 4080 ut

1438 4097 1658 4144 omnibus
1678 4095 1784 4144 aliis
1807 4097 2052 4155 preferret
2076 4097 2256 4142 fecerat
2277 4108 2414 4142 amor
2431 4095 2635 4154 Cieopa-

1438 4170 1540 4206 tro.

1499 4222 1578 4270 22.
1607 4221 1814 4280 Quum
1836 4218 1984 4268 allae
1997 4220 2050 4266 in
2071 4219 2189 4267 bello
2202 4218 2521 4286 Alexandrino
2541 4233 2638 4268 nea

1438 4283 1666 4344 omunia]
1715 4285 1852 4336 Quod
1874 4282 1964 4329 iter
1984 4282 2166 4330 tardius
2185 4282 2286 4328 suit.
2335 4281 2634 4341 Manuacrip-

1437 4355 1513 4392 tus
1539 4345 1714 4405 Regius
1736 4355 1782 4393 et
1804 4344 2072 4391 Victorinus
2094 4358 2216 4390 unus
2236 4344 2388 4389 codex
2411 4343 2637 4391 omittunt

1437 4408 1506 4464 in,
1521 4408 1647 4467 quod
1669 4407 2102 4454 Grammaticorum
2123 4406 2308 4465 legibus
2326 4406 2455 4452 certe
2476 4407 2634 4466 aptius

1437 4479 1485 4517 et
1507 4469 1880 4516 convenientius.
2205 4475 2210 4480 '

1496 4534 1575 4580 24.
1593 4532 1724 4578 Duas
1745 4530 1776 4577 ὰ
1803 4529 2056 4590 Βιίοίανο.]
2113 4529 2365 4588 Acceptas.

1497 4597 1576 4641 29.
1604 4593 1856 4652 Canauna]
1882 4593 2103 4638 Comana
2124 4592 2235 4638 urbs
2273 4592 2410 4638 Ponti
2444 4593 2632 4640 nobilis-

1438 4657 1574 4708 sima.
1637 4656 1838 4711 Quidam
1859 4653 2022 4708 vocari
2038 4653 2207 4700 dicunt
2235 4653 2487 4704 Tabaehza.
