3059 5050
381 290 510 353 2⁰0
1215 280 1340 347 DE
1385 280 1691 346 BELLO
1736 279 2012 344 CIVILI

549 432 789 499 XLIV.
814 432 1020 495 Genus
1050 443 1178 493 erat
1205 451 1434 514 pugnoe
1463 429 1720 491 militum
1750 428 2011 503 illorum,
2038 440 2101 489 ut
2132 448 2355 509 magno
2384 427 2611 510 impetu
2643 426 2849 511 primu

467 532 907 607 procurrerent,
956 517 1240 578 audacter
1269 516 1469 577 locum
1518 527 1822 597 caperent,
1862 514 2101 574 ordines
2147 534 2283 574 suos
2315 533 2435 574 non
2468 532 2849 596 magnopere

472 617 800 679 servarent,
831 604 952 664 rari
983 600 1353 683 dispersique
1382 610 1760 683 pugnarent:
1806 598 1852 658 si
1884 613 2311 682 premerentur,
2342 597 2557 680 pedem
2607 597 2853 676 referre,

471 705 532 753 et
577 690 717 751 loco
746 688 1036 749 excedere
1083 706 1209 746 non
1258 699 1430 767 turpe
1476 684 1906 759 existimarent,
1956 703 2091 743 cum
2125 681 2451 757 Lusitanis,
2484 680 2857 764 reliquisque

390 781 436 838 5
474 774 746 837 barbaris
778 792 996 852 genere
1020 771 1283 852 quodam
1315 789 1544 852 pugnae
1574 766 1925 828 assuefacti:
1972 768 2134 848 quod
2165 766 2289 828 sere
2317 766 2405 842 fit,
2438 765 2657 848 quibus
2688 767 2853 849 quis-

476 880 593 942 que
623 859 683 918 in
715 857 866 918 locis
897 855 1063 917 miles
1094 854 1531 928 inveteraverit,
1561 849 1642 912 uti
1670 851 1920 913 multum
1947 873 2153 914 earum
2187 852 2500 933 regionum
2527 865 2856 912 consuetu-

475 944 618 1006 dine
647 955 979 1002 moveatur.
1071 937 1228 1001 Haec
1259 953 1458 999 tamen
1504 937 1663 998 ratio
1710 951 1945 999 nostros
1988 937 2318 1020 perturbat,
2366 936 2629 997 insuetos
2674 936 2855 1019 hujus

478 1028 713 1110 generis
743 1046 991 1109 pugnae.
1066 1022 1394 1085 Circumiri
1425 1022 1584 1083 enim
1617 1042 1743 1083 sese
1773 1022 1851 1082 ab
1882 1036 2091 1105 aperto
2121 1020 2326 1099 latere,
2358 1022 2856 1105 procurrentibus

479 1112 751 1193 singulis,
776 1110 1262 1172 arbitrabantur:
1310 1107 1421 1191 ipsi
1453 1119 1651 1168 autem
1678 1127 1816 1167 suos
1846 1107 2085 1168 ordines
2117 1127 2374 1184 servare,
2399 1127 2591 1189 neque
2622 1106 2704 1166 ab
2732 1105 2857 1188 sig—

403 1199 572 1263 tonis
596 1196 921 1271 discedere,
953 1214 1146 1275 neque
1176 1194 1304 1254 sine
1335 1192 1509 1274 gravi
1541 1192 1755 1252 caussa
1795 1213 1927 1252 eum
1960 1191 2180 1269 locum,
2214 1213 2390 1274 quem
2422 1205 2732 1276 ceperant,
2764 1191 2856 1253 di-

481 1281 634 1344 mitti
688 1292 1040 1342 censuerant
1092 1291 1388 1362 oportere.
1478 1274 1713 1359 ltaque,
1766 1278 2128 1361 perturbatis
2186 1276 2615 1358 antesignanis,
2665 1274 2851 1358 legio,

482 1386 621 1450 quae
649 1366 713 1428 in
742 1387 815 1427 eo
852 1384 1044 1426 cornu
1090 1363 1458 1438 constiterat,
1506 1362 1717 1424 locum
1760 1382 1882 1423 non
1931 1363 2137 1439 tenuit,
2170 1376 2349 1446 atque
2396 1362 2457 1423 in
2504 1360 2853 1445 proximum

482 1450 698 1513 collem
730 1471 855 1511 sese
885 1447 1128 1531 recepit.
1574 1514 1577 1517 ,

569 1532 772 1597 XLV.
805 1533 1042 1609 caesar,
1072 1533 1229 1616 pene
1262 1531 1425 1593 omni
1476 1531 1607 1592 acie
1649 1530 1980 1614 perterriti,
2025 1532 2188 1613 quod
2236 1543 2457 1614 praeter
2502 1532 2856 1616 opinionem

407 1619 1101 1700 15consuetudinemque
1154 1617 1475 1693 acciderat,
1529 1617 1876 1678 cohortatus
1907 1636 2067 1692 suoS‚
2096 1616 2397 1697 legionem
2456 1639 2539 1680 ιι.
2586 1615 2856 1677 subsidio

485 1705 687 1767 ducit:
749 1705 977 1765 hostem
1008 1702 1334 1764 insolenter
1364 1710 1544 1782 atque
1568 1700 1784 1761 acriter
1812 1713 2049 1761 nostros
2080 1700 2488 1783 insequentem
2516 1700 2853 1785 supprimit,

485 1808 805 1872 rursusque
836 1803 1010 1869 terga
1037 1801 1286 1864 vertere,
1319 1806 1498 1868 seque
1536 1786 1615 1846 ad
1663 1785 1953 1869 oppidum
2001 1782 2262 1847 Ilerdam
2310 1788 2595 1886 recipere,
2640 1800 2701 1847 et
2747 1786 2854 1846 sub

485 1892 660 1935 muro
689 1875 1013 1935 consistere
1043 1874 1228 1955 cogit.
1318 1872 1440 1933 Sed
1474 1891 1556 1933 11.
1587 1870 1843 1952 legionis
1876 1869 2090 1931 milites
2134 1870 2273 1931 elati
2305 1873 2522 1949 studio,
2555 1873 2699 1933 dum
2732 1891 2855 1932 sar-

487 1960 609 2021 cire
634 1973 949 2042 acceptum
975 1959 1392 2020 detrimentum
1422 1955 1653 2031 volunt,
1683 1955 1907 2017 temere
1940 1955 2186 2017 insecuti
2219 1955 2531 2039 fugienteS,
2561 1955 2625 2017 in
2654 1955 2855 2016 locum

405 2044 757 2125 20iniquum
789 2043 1275 2127 progrediuntur,
1301 2054 1360 2102 et
1389 2042 1498 2102 sub
1530 2055 1816 2117 montem,
1848 2041 1909 2102 in
1940 2062 2061 2123 quo
2090 2053 2219 2102 erat
2249 2063 2329 2141 op
2375 2043 2539 2105 idum
2572 2040 2853 2124 positum,

488 2129 834 2190 succedunt.
923 2124 1086 2188 Hinc
1133 2147 1194 2187 se
1238 2126 1503 2208 recipere
1551 2145 1734 2206 quum
1784 2124 2022 2202 vellent,
2056 2147 2257 2187 rursus
2286 2126 2329 2187 il
2357 2128 2376 2189 i
2405 2149 2481 2190 ex
2512 2127 2650 2188 loco
2681 2146 2856 2207 supe-

487 2213 644 2274 riore
675 2224 910 2272 nostros
941 2210 1310 2293 premebant.
1396 2207 1756 2293 Praeruptus
1786 2209 1953 2271 locus
1982 2223 2129 2286 erat,
2161 2211 2412 2295 utraque
2441 2234 2517 2274 ex
2562 2223 2736 2296 parte
2765 2208 2857 2271 di-

488 2309 704 2372 rectus,
737 2315 808 2356 ac
838 2308 1070 2356 tantum
1116 2293 1178 2355 in
1225 2293 1599 2355 latitudinem
1632 2296 1896 2379 patebat,
1944 2308 2011 2357 nt
2057 2309 2173 2357 tres
2222 2297 2528 2360 instructae
2576 2296 2856 2360 cohortes

488 2400 625 2441 eum
675 2380 874 2442 locum
918 2377 1267 2463 explerent3
1309 2392 1368 2440 et
1413 2399 1608 2462 neque
1637 2380 1904 2443 subsidia
1933 2381 1970 2442 a
1997 2380 2282 2443 lateribus
2325 2382 2633 2459 summitti,
2661 2400 2861 2462 neque

406 2467 715 2548 250quites
745 2465 1158 2528 laborantibus
1181 2464 1314 2526 usui
1338 2485 1465 2527 esse
1495 2478 1755 2549 possent.
1852 2465 1950 2528 Ab
1977 2466 2204 2551 oppido
2230 2467 2386 2531 enim
2414 2466 2663 2531 declivis
2686 2465 2859 2528 locus

489 2551 650 2612 tenui
684 2550 925 2632 fastigio
954 2552 1263 2632 vergebat,
1311 2550 1374 2611 in
1415 2550 1855 2632 longitudinem
1906 2573 2186 2635 passuum
2236 2554 2473 2616 circiter
2519 2574 2625 2614 cn.
2716 2549 2857 2615 Hic

492 2636 707 2697 nostris
736 2650 866 2697 erat
895 2633 1204 2718 receptus3
1248 2635 1413 2717 quod
1458 2635 1553 2711 eo,
1586 2635 1813 2697 incitati
1860 2637 2078 2713 studio,
2128 2638 2519 2701 inconsultius
2550 2658 2859 2721 processe-

491 2733 644 2782 rant.
736 2718 877 2783 Hoc
902 2721 1289 2804 pugnabatur
1310 2718 1469 2795 loco,
1500 2733 1559 2780 et
1585 2733 1832 2803 propter
1861 2722 2170 2802 angustias
2200 2725 2427 2805 iniquo,
2458 2738 2517 2785 et
2546 2723 2713 2805 quod
2742 2722 2855 2783 sub

491 2800 635 2888 ipsis
661 2804 963 2868 radicibus
994 2805 1211 2866 montis
1245 2804 1652 2880 constiterant,
1684 2817 1751 2866 ut
1780 2804 2008 2866 nullum
2041 2806 2260 2870 frustra
2287 2808 2468 2871 telum
2502 2807 2562 2869 in
2589 2829 2692 2868 eos
2726 2806 2861 2868 mit-

353 2903 362 2912 ·
408 2893 752 2952 30teretur:
797 2901 997 2952 tamen
1025 2889 1243 2952 virtute
1285 2902 1345 2951 et
1390 2890 1681 2973 patientia
1726 2889 2084 2966 nitebantur,
2136 2906 2315 2976 atque
2361 2893 2565 2968 omnia
2608 2891 2862 2952 vulnera

494 2976 882 3038 sustinebant.
969 2975 1370 3057 Augebantur
1411 2974 1527 3037 illis
1575 2975 1810 3059 copiae3
1856 2987 2035 3058 atque
2078 2999 2155 3040 ex
2186 2979 2394 3040 castris
2436 2979 2714 3039 cohortes
2830 2998 2859 3037 ι·

494 3060 785 3145 oppidum
818 3060 1031 3124 crebro
1064 3060 1601 3140 submittebantur3
1646 3074 1712 3122 ut
1735 3063 1951 3142 integri
1972 3061 2213 3124 defessis
2239 3064 2642 3125 succederent.
2717 2997 2859 3123 [gie

494 3146 651 3209 idem
685 3145 902 3209 Ctesar
931 3146 1127 3209 facere
1155 3148 1525 3229 cogebatur:
1571 3159 1654 3222 ut,
1686 3147 1991 3208 submissis
2022 3148 2084 3209 in
2112 3149 2367 3210 eundem
2406 3148 2607 3210 locum
2637 3148 2861 3209 cohor-

426 3235 434 3250 '
493 3232 672 3308 tibus,
704 3232 963 3294 defessos
996 3231 1302 3318 reciperet.

413 3319 491 3379 35
579 3314 817 3378 XLVI.
865 3315 1004 3379 Hoc
1037 3337 1218 3397 quum
1251 3329 1402 3377 esset
1449 3317 1631 3378 modo
1660 3329 1993 3400 pugnatum
2034 3315 2408 3398 continenter
2434 3317 2599 3380 horis
2628 3338 2688 3377 v.
2720 3336 2863 3376 nos-

496 3398 689 3478 trique
720 3401 964 3479 gravius
996 3400 1031 3460 a
1061 3399 1438 3461 multitudine
1485 3415 1923 3485 premerentur3
1968 3404 2338 3485 consumptis
2384 3402 2663 3464 omnibus
2712 3400 2865 3478 telis,

497 3481 717 3562 gladiis
747 3483 1047 3559 districtis,
1080 3485 1365 3566 impetum
1398 3485 1682 3547 adversus
1714 3499 1974 3548 montem
2008 3487 2068 3548 in
2099 3489 2375 3550 cohortes
2404 3487 2659 3549 faciunt:
2710 3507 2865 3569 pau-

496 3566 698 3648 cisque
740 3565 1002 3647 dejectis‚
1047 3568 1307 3650 reliquos
1345 3589 1470 3630 sese
1513 3585 1859 3633 convertere
1888 3587 2135 3653 cogunt.
2226 3571 2556 3635 Summotis
2589 3572 2701 3633 sub
2732 3592 2865 3631 mu-

497 3669 627 3713 rum
659 3650 1023 3727 cohortibus,
1055 3674 1126 3713 ac
1159 3650 1448 3714 nonnulla
1481 3669 1649 3737 parte
1680 3670 1924 3739 propter
1961 3672 2246 3719 terrorem
2279 3659 2341 3720 in
2371 3658 2663 3742 oppidum
2696 3677 2867 3717 com-

412 3734 702 3819 40pulsis‚
733 3733 924 3796 facilis
953 3749 1040 3797 est
1069 3737 1286 3798 nostris
1317 3753 1589 3820 receptus
1631 3741 1825 3802 datus.-
1914 3741 2236 3823 Equitatus
2285 3756 2483 3805 autem
2533 3756 2738 3804 noster
2786 3742 2869 3802 ab

499 3833 751 3902 utroque
779 3818 984 3897 latere,
1015 3822 1122 3883 etsi
1156 3823 1400 3902 dejectis
1432 3837 1537 3885 aut
1565 3824 1941 3888 inferioribus
1989 3827 2137 3888 locis
2168 3828 2535 3904 constiterat,
2565 3841 2773 3888 tamen
2804 3825 2871 3887 in

494 3925 792 3966 summum
822 3906 1042 3985 jugum
1074 3906 1293 3967 virtute
1320 3907 1665 3985 connititur,
1697 3923 1876 3992 atque
1908 3912 2059 3972 inter
2087 3912 2238 3974 duas
2269 3913 2428 3973 acies
2458 3912 2868 3995 perequitanS,

493 3990 969 4054 commodiorem
1002 4011 1072 4052 ac
1104 3991 1380 4054 tutiorem
1415 3993 1632 4054 nostris
1663 4008 1963 4077 receptum
1996 3997 2118 4057 dat.
2208 3995 2303 4058 Ita
2332 3997 2504 4057 vario
2534 3998 2871 4057 certamine

539 4087 828 4155 ugnatum
855 4088 962 4137 est.
1049 4073 1258 4138 Nostri
1289 4077 1349 4138 in
1382 4077 1581 4161 primo
1610 4098 1937 4158 congressu
1967 4080 2203 4142 circiter
2233 4103 2376 4142 Lxx*
2403 4081 2772 4156 ceciderunt,
2805 4081 2875 4142 in

411 4163 492 4221 45
535 4160 587 4221 is
610 4158 693 4241 Q.
726 4156 1047 4241 Fulginius
1075 4181 1152 4222 ex
1183 4161 1379 4245 primo
1423 4163 1660 4224 hastato
1700 4162 1957 4244 legionis
2000 4185 2125 4226 xlv.
2153 4165 2276 4247 qui,
2301 4180 2548 4250 propter
2574 4166 2874 4229 eximiam

468 4322 545 4366 45.
569 4321 648 4368 Ea:
733 4320 745 4331 ‘
836 4319 1048 4382 hasteria]
1115 4320 1301 4379 Lipsius
1334 4323 1605 4383 suspicatur
1666 4336 1856 4368 nomm.
1922 4323 2082 4370 Habet
2104 4326 2164 4371 de
2186 4324 2267 4370 illo
2303 4323 2528 4385 vegetius
2562 4325 2664 4370 haec
2692 4327 2879 4374 verba:

407 4396 511 4426 esse
534 4397 642 4429 men
678 4396 773 4438 um,
794 4392 842 4428 et
857 4397 960 4429 esse
981 4382 1255 4443 legendum,
1279 4384 1331 4443 Q.
1350 4385 1606 4446 Fulginius
1667 4383 1857 4430 Primus
1871 4385 2077 4432 hastatus
2096 4386 2211 4433 duas
2226 4385 2474 4442 ternarias,
2490 4385 2543 4432 id
2557 4390 2639 4441 est,
2656 4385 2884 4434 durarum

407 4442 609 4489 tenlurio
628 4443 771 4504 ρήηη·
791 4443 978 4501 hastati,
1000 4459 1287 4505 causamque
1309 4445 1603 4504 corruptioni
1665 4444 1834 4491 milites
1863 4446 2113 4495 deducebat
2150 4447 2201 4494 in
2223 4448 2321 4495 acie
2343 4447 2557 4503 secunda,
2579 4462 2726 4509 quom
2750 4464 2887 4497 nunc

407 4503 592 4574 dedisse
629 4514 811 4560 notam,
843 4505 937 4566 qui
959 4507 1101 4568 vulgo
1139 4508 1408 4554 scribuntur
1440 4518 1601 4553 centu·
1663 4506 1965 4555 ducenarium
1991 4515 2162 4557 rocam.
2207 4510 2401 4557 Hastati
2424 4525 2566 4569 porro
2584 4511 2723 4567 dieti,
2746 4511 2889 4570 qubd

407 4576 597 4634 nones-‚-
621 4573 669 4633 et
710 4566 897 4612 curvari
941 4569 990 4613 iu
1034 4571 1226 4616 modum
1257 4571 1367 4616 vitei
1408 4569 1601 4629 flagelli.
1662 4568 1815 4626 primi)
1842 4571 1989 4616 hastis
2014 4581 2301 4630 pugnarent,
2320 4573 2403 4619 sed
2424 4570 2605 4618 mutati
2622 4574 2889 4633 pugnandi

411 4623 532 4668 Nam
555 4631 660 4668 vim
684 4625 868 4684 insigne
890 4630 1235 4676 centurionum.
1299 4632 1354 4677 Id
1389 4631 1435 4676 in
1461 4646 1504 4676 x.
1529 4631 1604 4676 lit·
1669 4642 1869 4684 ratione,
1895 4633 2066 4678 mansit
2091 4649 2279 4678 nomen.
2344 4633 2457 4679 Pilis
2479 4635 2604 4679 enim
2628 4643 2677 4680 et
2700 4634 2888 4695 gladiis

407 4691 559 4732 ter-n
596 4690 645 4728 et
682 4687 1058 4740 papo-intonen
1100 4705 1163 4736 nx
1221 4694 1465 4738 transiisse
1508 4706 1604 4738 non
1668 4696 1959 4752 pugnabant.
2003 4694 2073 4738 mi
2099 4694 2271 4741 hastati
2290 4695 2617 4742 adolescentes
2641 4707 2807 4742 eran:-
2834 4709 2889 4743 ut
