3059 5050
745 252 871 315 m:
914 249 1220 315 BELLo
1262 248 1728 313 AchANo
1773 202 2082 314 unm·

2505 240 2514 251 '
2555 259 2674 320 831

228 422 307 465 ne
338 400 467 483 quis
497 400 610 463 sibi
640 421 834 465 morae
865 399 1193 482 quidquam
1226 399 1353 462 fore
1384 411 1669 482 speraret,
1699 412 1758 460 et
1787 411 1852 459 ut
1893 419 2102 460 omnes
2143 397 2206 459 in
2234 398 2361 461 dies
2388 399 2599 463 horas-

231 510 348 569 que
378 488 571 569 parati
600 500 815 547 essent.

904 484 1128 545 Incidit
1156 506 1264 566 per
1294 485 1353 545 id
1401 498 1654 567 tempuS,
1689 498 1752 545 ut
1780 495 2162 565 tempestates
2192 485 2272 546 ad
2303 486 2598 566 navigan-

231 574 373 633 dum
418 572 666 632 idoneas
697 591 819 631 non
851 570 1118 631 haberet.
1205 564 1417 630 Nihilo
1446 583 1647 630 tamen
1695 569 1890 629 minus
1937 568 1998 629 in
2037 568 2293 630 navibus
2339 573 2596 651 remiges

230 657 564 737 militesque
605 655 935 729 continere,
988 668 1047 714 et
1092 653 1315 715 nullam
1366 653 1819 737 praetermittere
1866 652 2246 715 occasionem
2277 655 2599 736 prosectio-

226 742 321 823 nis
333 764 351 818 3
398 762 583 822 quum
616 740 948 823 praesertim
982 740 1058 799 ab
1088 738 1300 799 incolis
1328 740 1454 818 ejus
1501 738 1837 821 provinciae
1867 740 2282 799 nuntiarentur
2317 739 2599 802 adversa·
2640 745 2680 803 5
2749 764 2756 773 ·

226 826 460 887 riorum
504 827 722 907 copiae,
754 824 1047 905 equitatus
1080 823 1362 898 infinitus,
1394 822 1668 903 legiones
1711 823 1899 903 regiae
1945 844 2029 885 ιν.
2078 821 2225 883 letis
2274 840 2599 888 armaturae

226 932 463 992 magna
492 911 602 987 vis,
634 909 934 992 Scipionis
979 906 1245 987 legiones
1290 928 1347 968 x.
1378 907 1683 990 elephanti
1713 929 1858 969 cxx.
1906 908 2244 988 classesque
2273 929 2401 969 esse
2429 931 2598 972 com-

226 996 466 1079 plures3
510 1008 706 1056 tamen
737 1015 857 1054 non
880 993 1308 1068 deterrebatur,
1335 993 1659 1074 animoque
1690 1009 1750 1054 et
1777 1014 1883 1075 spe
1911 992 2274 1054 confidebat.
2349 991 2595 1056 Interim

230 1080 299 1142 in
330 1081 457 1141 dies
499 1093 558 1140 et
600 1100 777 1141 naves
808 1077 1009 1157 longae
1041 1077 1356 1157 adaugeri,
1387 1077 1686 1139 onerariae
1715 1078 2054 1161 complures
2100 1076 2312 1140 eodem
2342 1099 2598 1141 concur-

230 1186 384 1241 rere,
416 1178 474 1226 et
501 1163 763 1244 legiones
805 1162 1065 1223 tironum
1098 1162 1462 1241 convenire3

229 1250 311 1312 ad
344 1272 416 1312 11.
442 1248 646 1310 millia.

1520 1163 1584 1223 in
1616 1163 1707 1224 his
1735 1176 2019 1224 veterana
2047 1161 2210 1244 legio
2237 1184 2297 1224 v.
2329 1164 2683 1245 equitum10

315 1332 394 1395 Π.
454 1333 834 1414 Legionibus
887 1330 1155 1393 collectis
1198 1352 1288 1392 vi.
1343 1344 1402 1391 et
1452 1330 1720 1412 equitum
1767 1353 1841 1393 11.
1896 1330 2178 1409 millibus,
2228 1346 2294 1395 ut
2339 1355 2597 1415 quaeque

221 1421 423 1501 prima
464 1417 626 1500 legio
657 1430 925 1492 venerat,
975 1416 1035 1476 in
1085 1436 1267 1477 naves
1297 1414 1514 1496 longas
1559 1417 1998 1499 imponebatur,
2047 1417 2275 1499 equites
2306 1433 2501 1480 autem
2534 1421 2599 1481 in

220 1505 555 1566 onerarias·

644 1501 742 1564 Ita
772 1502 1063 1582 majorem
1096 1514 1326 1583 partem
1359 1501 1602 1562 navium
1637 1504 1989 1563 antecedere
2023 1503 2221 1583 jussit,
2253 1516 2312 1565 et
2340 1504 2597 1566 insulam

219 1606 426 1672 petere
456 1589 867 1671 Aponianam,
912 1607 1051 1666 quae
1098 1606 1219 1646 non
1271 1586 1439 1645 abest
1468 1587 1506 1646 a
1537 1584 1842 1667 Lilybav.
1929 1586 2143 1668 Ibique
2191 1591 2683 1651 commoratusl5

217 1676 392 1736 bona
421 1693 756 1756 paucorum
800 1671 1007 1732 vendit
1035 1669 1309 1753 publice:
1354 1670 1573 1731 deinde
1601 1670 1842 1731 Allieno
1891 1672 2157 1752 praetori,
2191 1674 2292 1753 qui
2324 1672 2599 1735 Siciliam

221 1760 565 1833 obtinebat,
597 1758 673 1818 de
703 1758 983 1817 omnibus
1012 1757 1190 1816 rebus
1220 1754 1520 1837 praecipit,
1551 1768 1611 1815 et
1638 1755 1714 1815 de
1744 1754 1975 1835 reliquo
2018 1757 2285 1818 exercitu
2330 1757 2603 1818 celeriter

223 1844 621 1925 imponendo.

710 1839 887 1901 Datis
935 1841 1253 1915 mandatiS,
1285 1840 1414 1921 ipse
1462 1860 1676 1900 navem
1726 1840 2078 1901 conscendit
2123 1861 2178 1902 a.
2228 1841 2289 1902 d.
2323 1863 2408 1901 vt.
2458 1839 2600 1904 Kal.

219 1924 371 1989 Jan.
403 1941 464 1988 et
492 1927 751 2008 reliquas
782 1946 963 1986 naves
1017 1927 1212 1985 statim
1245 1937 1334 1984 est
1363 1936 1737 1985 consecutus..

1843 1921 1938 1985 Ita
1968 1937 2148 1986 vento
2179 1938 2363 2000 certo,
2396 1925 2604 1986 celeri-

226 2035 348 2095 que
378 2012 631 2093 navigio
663 2024 885 2087 vectuS,
915 2023 1051 2092 post
1079 2010 1237 2071 diem
1270 2022 1546 2090 quartam
1595 2030 1732 2069 cum
1781 2008 1979 2089 longis
2017 2008 2226 2091 paucis
2257 2011 2511 2073 navibus
2541 2011 2689 2073 in20

226 2110 619 2180 conspectum
651 2095 881 2183 Asricae
913 2095 1092 2157 venit.
1180 2093 1464 2177 Namque
1493 2094 1791 2156 onerariae
1829 2093 2078 2176 reliquae
2109 2108 2329 2178 praeter
2401 2116 2603 2174 aucas»,

228 2198 375 2243 vent

506 2183 748 2265 ispersae
798 2193 976 2261 atque
1024 2181 1382 2242 errabundae
1430 2181 1668 2242 diversa
1718 2179 1853 2240 loca

1901 2180 2214 2261 petierunt.
2302 2178 2358 2241 C
2388 2201 2606 2262 upeam

226 2267 418 2329 classe
448 2265 925 2349 praetervehitur‚
953 2265 1093 2326 inde
1122 2263 1468 2348 Neapolim.
1559 2263 1901 2347 Complura
1929 2277 2226 2347 praeterea
2254 2266 2500 2327 castella
2547 2278 2608 2327 et

224 2374 304 2436 op
354 2352 454 2414 ida
485 2373 607 2413 non
632 2349 819 2431 longe
848 2350 886 2411 a
914 2350 1067 2411 mari
1098 2349 1398 2431 relinquit.

344 2435 429 2499 ΙΙ.
477 2436 811 2518 Postquam
839 2435 1237 2496 Adrumetum
1272 2435 1543 2510 accessit,
1575 2434 1660 2495 ibi
1690 2435 2040 2517 praesidium
2071 2448 2202 2497 erat
2230 2435 2688 2497 adversario-25

224 2546 382 2600 rum,
414 2522 512 2585 cui
544 2535 803 2607 praeerat
834 2519 911 2583 C.
947 2519 1299 2604 ConsidiuS,
1331 2536 1390 2582 et
1420 2521 1457 2581 a
1487 2518 1740 2603 Clupeis
1788 2520 2116 2582 secundum
2156 2542 2326 2582 oram
2377 2521 2605 2582 mariti—

226 2630 562 2678 mam-cum
594 2608 860 2689 equitatu
906 2606 1226 2668 Adrumeti
1257 2605 1378 2668 Cn.
1428 2605 1579 2667 Piso
1627 2626 1764 2667 cum
1814 2604 2174 2667 Maurorum
2223 2606 2462 2667 circiter
2506 2626 2606 2667 ιιι.

222 2694 495 2755 millibus
543 2692 841 2776 apparuit.

929 2690 1024 2752 Ibi
1074 2691 1381 2775 paulisper
1428 2690 1648 2753 Caesar
1698 2702 1838 2751 ante
1889 2704 2130 2774 portum
2176 2704 2605 2768 commoratus,

221 2778 371 2840 dum
404 2778 655 2861 reliquae
686 2779 868 2840 rl'aves
897 2776 1308 2852 convenirent,
1340 2777 1596 2859 exponit
1643 2775 1995 2858 exercitum.
2086 2774 2280 2856 Cujus
2324 2795 2608 2837 numerus

220 2863 287 2925 in
335 2864 660 2947 praesentia
690 2863 801 2924 suit
847 2863 1117 2946 peditum
1166 2883 1268 2923 111.
1308 2861 1584 2936 millium,
1633 2861 1898 2942 equitum
1930 2881 2065 2922 Clu:
2109 2861 2438 2942 castrisque
2469 2863 2691 2923 ante30

289 3044 337 3088 5.
370 3041 442 3089 Ab
456 3041 619 3089 ineolis
640 3042 738 3105 ejus
754 3042 1042 3104 provinciae]
1088 3040 1297 3087 Dubium
1321 3055 1383 3086 an
1406 3039 1434 3088 a

220 3104 401 3150 Siculis
441 3105 569 3161 apud
604 3119 722 3162 quos
756 3113 861 3150 erat
899 3104 1079 3159 Caesar,
1118 3118 1179 3148 an
1218 3106 1280 3148 ab
1306 3103 1433 3148 Afris

220 3168 360 3225 apud
403 3180 522 3224 quos
566 3166 725 3224 plures
770 3167 979 3212 habebat
1016 3166 1211 3221 amicos,
1243 3165 1430 3211 Uticen-

282 3243 322 3273 s.

219 3243 337 3335 seo.
362 3290 589 3350 Legiones
608 3289 789 3398 regim]
845 3292 981 3336 Jubae
1006 3292 1129 3350 regis
1152 3289 1403 3362 Numidiae.

288 3355 335 3398 8.
361 3351 555 3398 Interim
575 3353 627 3397 in
687 3351 752 3399 ies
780 3358 820 3398 et
850 3367 985 3399 nares
1005 3353 1157 3412 longoe
1193 3350 1434 3412 adaugeri,

221 3420 267 3462 et
291 3414 518 3461 oneraria:
542 3417 797 3476 complures
812 3413 965 3462 eodem
987 3414 1293 3474 emitur-rere]
1338 3417 1373 3458 λ
1383 3429 1433 3458 u-

222 3491 364 3523 mero
387 3478 557 3534 supple
576 3482 823 3538 ooeperunt,
845 3487 1010 3535 estque
1033 3477 1175 3522 modo
1196 3476 1431 3536 enallage.

224 3538 427 3596 Eadem,
450 3539 498 3584 id
520 3549 609 3595 est,
633 3540 680 3584 in
700 3539 978 3600 Lilybaeum.

301 3601 371 3645 15.
404 3600 736 3662 Aponianam]
790 3602 916 3647 Dum
940 3602 1067 3647 nulla
1093 3602 1219 3659 apud
1243 3610 1432 3647 autores

223 3662 498 3721 Aponiana
536 3663 619 3709 siat
657 3665 852 3720 mentio,
889 3673 939 3710 et
976 3664 1189 3710 Paeonia
1224 3678 1430 3709 comme-

225 3733 447 3771 moretur
479 3727 604 3782 apud
642 3726 947 3772 Ptolemaeum
986 3728 1141 3773 insula
1174 3726 1200 3772 ὲ·
1237 3726 1432 3786 regione

225 3787 433 3846 Lilybaei
466 3788 774 3845 promontorii
816 3788 988 3835 Siciliae
1012 3790 1225 3835 Africam
1255 3802 1433 3844 versus,

227 3849 376 3896 facile
391 3848 675 3896 crediderim
699 3865 802 3896 esse
824 3852 1063 3898 mendum.

296 3911 364 3958 lb.
405 3913 515 3971 Quoe
540 3927 633 3959 non
654 3913 779 3959 abest
800 3911 833 3959 ὰ
856 3913 1096 3986 Lilybaeo]
1155 3914 1209 3961 In
1243 3928 1434 3959 manus·

226 3974 396 4033 criptis
420 3974 632 4020 Thuanis
656 3975 839 4021 duobus
856 3976 1027 4037 leg-itur
1048 3992 1148 4038 quoe
1167 3976 1301 4022 abest.
1338 3975 1433 4020 Ali-

227 4037 347 4096 quid
369 4039 584 4100 suspicor
605 4038 887 4095 desiderari,
918 4047 967 4084 ut
1001 4054 1076 4084 cc.
1103 4039 1328 4102 passibus,
1352 4046 1445 4092 aut,

229 4099 413 4156 aliquid
452 4098 618 4146 simile.
684 4100 828 4146 Certe
864 4103 1087 4147 mendum
1115 4104 1249 4147 inest.
1312 4100 1435 4153 Quid

229 4160 360 4208 enim
384 4161 473 4206 sibi
496 4162 623 4216 velit,
641 4177 733 4209 mm
759 4162 877 4209 abest
900 4161 932 4210 ὰ
949 4161 1152 4223 Lilybaeo
1170 4165 1197 4209 Ρ

302 4225 371 4268 16.
394 4222 580 4270 Allieno
597 4225 827 4286 proetori]
885 4225 1070 4272 Allieno
1092 4235 1140 4271 ut
1164 4223 1436 4283 proconsuli

230 4286 397 4331 scribit
430 4285 602 4332 Cicero
635 4286 772 4345 epist.
803 4288 881 4333 lib.
916 4303 1022 4334 1111.
1058 4287 1233 4334 studuit
1267 4295 1435 4343 postea

232 4348 421 4402 Cassio,
438 4348 512 4393 cui
532 4357 576 4394 et
594 4348 804 4409 legiones
823 4349 1033 4406 tradidit,
1049 4359 1098 4396 ut
1122 4350 1317 4396 Cassius
1333 4349 1434 4407 ipse

230 4411 428 4462 fatetur,
449 4410 529 4456 lib.
558 4426 641 4458 κη,
666 4415 923 4458 earundem
957 4412 1280 4470 epistolarum.

234 4533 281 4579 N
302 4473 372 4519 17.
399 4473 469 4518 De
486 4473 663 4535 reliquo
677 4477 881 4521 exercitu
898 4474 1103 4521 celeriter
1121 4471 1432 4534 imponenda]

285 4535 467 4580 avibus.

297 4599 374 4643 20.
416 4598 519 4643 Psmt
553 4597 675 4644 diem
706 4599 962 4660 quatiam]
1022 4599 1094 4644 Ex
1120 4600 1211 4644 tide
1234 4601 1435 4643 duorum

237 4656 380 4706 MSS.
418 4660 715 4708 bibliothece
754 4662 966 4712 Thutmoe
996 4675 1178 4719 repono
1208 4663 1437 4723 quartam.

1493 3042 1586 3088 Vix
1609 3042 1754 3097 euim,
1775 3043 1867 3088 uisi
1889 3057 1978 3101 pro
2011 3049 2223 3100 tempore
2252 3043 2467 3099 sumitur,
2488 3044 2591 3090 dies
2613 3045 2693 3091 se-

1498 3104 1679 3150 minina
1704 3106 1749 3150 in
1773 3103 2007 3163 positione
2025 3104 2211 3164 legitur.

1558 3167 1635 3212 22.
1680 3166 1939 3228 clupeam]
1985 3166 2171 3224 Clupea
2202 3166 2299 3212 sive
2322 3166 2509 3226 Clypea
2529 3167 2696 3215 civitas
2789 3171 2796 3178 ‘

1499 3229 1674 3274 Africae
1716 3227 1905 3287 proprie
1948 3230 2117 3284 dictam
2166 3228 2259 3275 sita
2289 3228 2337 3274 in
2369 3231 2696 3288 promontorio

1498 3291 1743 3346 Mercurii,
1786 3293 1847 3337 de
1889 3290 1982 3349 qua
2021 3304 2168 3350 supra
2208 3292 2404 3338 dictum.
2466 3292 2696 3339 Nonnulli

1498 3364 1674 3399 vocant
1699 3353 1983 3415 Ζαῃὴαναγη,
2008 3353 2088 3399 alii
2121 3352 2212 3412 Qui
2255 3354 2263 3363 '
2346 3388 2356 3399 .

1558 3417 1634 3462 23.
1666 3415 1953 3478 Neapolim]
2011 3415 2175 3463 Multas
2210 3424 2318 3462 sunt
2353 3416 2525 3475 ubique
2554 3418 2696 3465 urbes

1496 3479 1588 3524 hoc
1609 3480 1816 3524 nomine.
1866 3479 1982 3525 Haec
2001 3477 2115 3525 vero
2129 3487 2202 3525 est
2226 3479 2273 3524 in
2299 3477 2459 3525 Africa
2482 3482 2544 3526 ad
2562 3494 2696 3528 mare

1496 3541 1903 3587 Mediterraneum
1925 3542 2034 3598 sita,
2057 3541 2152 3587 ulio
2170 3541 2360 3587 nomine
2379 3540 2533 3604 Leptis
2547 3556 2699 3604 parva

1496 3604 1620 3649 inter
1641 3604 1759 3648 duas
1787 3613 1957 3664 syrtes,
1979 3604 2059 3649 ubi
2091 3602 2374 3650 habitabant
2407 3603 2697 3664 Lotophagi,

1494 3679 1695 3724 quorum
1719 3665 1779 3710 sit
1803 3667 1930 3722 apud
1955 3665 2218 3711 Homerum
2242 3666 2432 3711 mentio.

1558 3730 1635 3774 25.
1673 3727 2014 3786 Admetum]
2069 3727 2124 3773 ln
2149 3726 2310 3773 Africa
2332 3725 2523 3785 proprie
2552 3726 2696 3784 dicta,

1495 3791 1638 3836 hodie
1660 3789 1965 3842 machamata,
1983 3789 2086 3834 aliis
2113 3788 2273 3836 Toulb.

1560 3852 1629 3898 lb.
1659 3851 1732 3898 Ibi
1750 3850 2020 3913 matidiam
2040 3855 2138 3897 erat
2159 3849 2565 3912 adversariorum]
2621 3851 2698 3898 Ex

1496 3916 1590 3960 fide
1609 3914 1752 3960 MSS.
1776 3913 2034 3974 Regiorum
2067 3914 2225 3969 trium,
2248 3914 2559 3960 Thuanorum
2581 3915 2698 3960 duo-
2722 3968 2730 3981 ·

1497 3992 1621 4033 rum,
1646 3974 1873 4021 Victorini
1896 3975 2034 4021 unius
2057 3990 2238 4033 repono
2258 3973 2340 4023 ubi
2361 3989 2450 4033 pro
2471 3975 2554 4032 ibi,
2571 3978 2699 4034 quod

1497 4046 1773 4097 corruptum
1797 4038 1884 4084 fuit
1906 4052 1940 4083 u
1963 4039 2010 4082 in
2030 4036 2051 4084 i
2073 4051 2323 4096 perperam
2346 4047 2655 4084 commutato.

1559 4102 1636 4147 27.
1660 4100 1746 4147 Cn.
1775 4098 1917 4161 Pisa]
1955 4099 2048 4146 Hic
2071 4100 2183 4146 Piso
2199 4110 2366 4158 postea
2382 4109 2542 4157 partes
2567 4100 2699 4146 Bruti

1497 4171 1546 4210 et
1571 4163 1726 4208 Cassii
1744 4172 1949 4218 secutus,
1967 4162 2114 4208 nihilo
2129 4163 2281 4208 secius
2298 4177 2527 4208 concesso
2545 4163 2700 4208 reditu

1499 4224 1798 4272 consulatum
1819 4226 2020 4283 adeptus
2042 4233 2128 4270 est.
2191 4224 2362 4271 Filium
2384 4224 2550 4270 habuit
2574 4239 2699 4280 euin,

1499 4287 1581 4346 qui
1604 4288 1940 4334 Germanicum
1964 4287 2205 4333 Caesarem
2236 4287 2443 4334 creditus
2466 4294 2539 4332 est
2561 4301 2698 4332 venc-

1498 4366 1563 4396 no
1586 4349 1842 4396 sustulisse.

1563 4414 1638 4459 29.
1675 4411 1881 4473 Exponit
1919 4410 2206 4471 exercitum]
2269 4409 2337 4458 lbi
2381 4409 2489 4457 cum
2524 4408 2551 4455 ὲ
2589 4411 2696 4456 navi

1498 4474 1752 4534 egrediens
1806 4475 1970 4520 Caesar
2032 4473 2295 4530 cecidisset,
2344 4486 2601 4530 casumque
2649 4472 2697 4518 in

1499 4551 1641 4584 omen
1675 4545 1912 4582 verterent
1939 4535 2129 4589 milites,
2151 4534 2251 4593 ipse
2280 4535 2328 4581 in
2361 4536 2526 4582 melius
2561 4536 2706 4581 vertit·

1499 4601 1719 4654 dicendo,
1751 4599 1899 4646 Teneo
1921 4602 1980 4652 te,
2000 4596 2182 4658 Africa.
2225 4599 2427 4648 Antores
2450 4607 2556 4646 sunt
2583 4598 2698 4654 Sue-

1499 4662 1677 4769 totzicus,
1699 4660 1975 4715 Frontinus,
2001 4658 2107 4705 Dio.
