3059 5050
103 3765 110 3770 ·
221 3739 358 3803 tur,
388 3723 643 3786 refertur
671 3724 734 3785 in
763 3736 980 3786 castra.

1188 246 1472 315 LIBER
1511 248 1691 315 vlu.
2564 264 2670 323 HJ

239 399 325 463 lio
353 396 607 479 legatis:
651 418 725 460 11.
756 397 822 460 in
843 394 1082 461 AEduos
1111 397 1291 475 misit,
1340 419 1597 482 quorum
1625 399 1691 461 in
1719 398 1884 461 omni
1916 396 2123 465 Gallis
2149 420 2442 467 summam
2471 423 2600 469 esse

242 483 655 547 auctoritatem
703 482 968 549 sciebat:
1014 505 1085 546 11.
1117 483 1180 546 in
1208 482 1481 547 Turonis
1525 484 1606 547 ad
1652 485 1800 549 fines
1841 481 2182 549 Carnutum
2212 489 2431 571 posuit,
2502 510 2602 554 uae

239 589 476 631 omnem
509 567 818 650 regionem
849 572 1233 652 conjunctam
1262 568 1515 635 Oceano
1543 569 1951 633 continerent:
1997 588 2069 633 11.
2101 570 2361 654 reliquas
2388 511 2602 637 hh

239 653 540 716 movicum
585 653 734 714 fines
764 674 887 716 non
917 654 1100 737 longe
1149 655 1229 719 ab
1272 654 1581 731 Arvernis,
1634 674 1836 736 nequa
1877 674 2018 738 pars
2049 653 2273 718 Galliae
2301 679 2497 721 vacua
2524 662 2603 722 ab

236 738 506 801 exercitu
534 750 705 800 esset.
792 738 1033 807 Paucos
1061 739 1188 801 dies
1233 739 1362 821 ipse
1405 739 1469 800 in
1513 737 1845 802 Provincia
1888 753 2173 817 moratuS,
2219 762 2401 823 quum
2446 745 2602 807 cele-
2647 752 2684 808 5

239 825 388 886 riter
415 842 620 885 omnes
647 836 976 887 conventus
1016 823 1516 909 percucurrissem
1560 823 1836 907 publicas
1883 827 2321 888 controversias
2372 849 2605 910 cogno-

240 909 462 987 visset3
508 909 661 971 bene
688 909 912 971 meritis
939 909 1194 993 praemia
1235 907 1574 987 tribuissem
1621 909 2057 994 (cognoscendi
2086 911 2243 973 enim
2276 913 2605 976 maximam

244 992 588 1055 facultatem
633 994 912 1073 habebat,
952 994 1116 1077 quali
1147 993 1398 1077 quisque
1443 994 1649 1055 animo
1678 993 1740 1055 in
1771 992 2235 1078 Rempublicam
2265 995 2469 1060 fuisset
2514 1011 2606 1061 to·

246 1078 360 1140 tius
389 1077 611 1141 Gallice
641 1078 992 1157 defectione,
1007 1101 1204 1163 quam
1253 1079 1612 1140 sustinuerat
1640 1078 1928 1142 fidelitate
1956 1094 2137 1162 atque
2179 1081 2420 1144 auxiliis
2462 1104 2607 1168 pro-

245 1163 458 1226 vinciae
487 1162 665 1226 illius.
1009 1201 1016 1209 ·
2614 1172 2690 1234 10

326 1247 593 1312 XLVII.
708 1249 758 1310 is
787 1251 965 1312 rebus
993 1249 1301 1327 consectis,
1334 1250 1413 1311 ad
1459 1248 1728 1331 legiones
1755 1248 1820 1311 in
1849 1247 2136 1332 Belgium
2166 1270 2230 1312 se
2257 1252 2486 1336 recipit,
2517 1255 2609 1316 hi—

241 1335 566 1417 bernatque
612 1333 1107 1399 Nemetocennae.
1193 1333 1289 1398 Ibi
1333 1335 1652 1417 cognoscit
1695 1333 1981 1397 Comium
2010 1335 2359 1403 Atrebatem
2390 1339 2609 1422 proelio

238 1439 377 1481 cum
408 1421 675 1503 equitatu
703 1442 814 1482 suo
842 1421 1236 1483 contendisse.
1317 1418 1480 1483 Nam
1512 1440 1698 1503 quum
1724 1420 2023 1483 Antonius
2051 1422 2115 1483 in
2138 1421 2392 1484 hiberna
2415 1424 2611 1486 venis-

240 1517 348 1582 set,
379 1505 710 1587 civitasque
737 1506 1093 1568 Atrebatum
1125 1506 1188 1568 in
1219 1506 1419 1568 officio
1450 1518 1744 1584 maneret,
1792 1504 2069 1583 Comitis,
2115 1506 2217 1588 qui
2263 1521 2400 1590 post
2444 1508 2610 1572 illam

239 1589 737 1668 vulnerationem,
768 1611 950 1673 quam
981 1608 1164 1675 supra
1191 1591 1816 1665 commemoravimuS‚
1862 1611 2097 1674 semper
2126 1591 2204 1652 ad
2235 1612 2441 1655 omnes
2482 1601 2692 1659 τοο-15

238 1690 338 1736 tus
368 1689 612 1757 paratus
642 1676 763 1735 suis
791 1675 1023 1736 civibus
1053 1696 1180 1736 esse
1209 1675 1574 1750 consuesset,
1602 1694 1680 1735 ne
1709 1675 1960 1737 consilia
2010 1674 2155 1736 belli
2208 1679 2614 1757 quaerentibus

239 1772 457 1821 auctor
487 1780 793 1821 armorum
842 1759 1087 1840 duxque
1134 1761 1380 1833 deesset,
1429 1772 1678 1841 parente
1705 1756 2004 1820 Romanis
2034 1757 2294 1838 civitate,
2324 1782 2464 1822 cum
2495 1763 2616 1826 suis

239 1844 548 1925 equitibus
578 1864 641 1904 se
670 1864 927 1925 suosque
955 1842 1285 1904 latrociniis
1328 1842 1547 1919 alebat,
1590 1841 1933 1923 infestisque
1959 1841 2271 1905 itineribus
2310 1865 2616 1909 commea-

240 1941 344 1989 tus
390 1928 750 2012 complures‚
782 1928 884 2010 qui
913 1929 1451 2012 comportabantur
1478 1927 1542 1988 in
1590 1926 1843 1989 hiberna
1888 1925 2331 2006 Romanorum,
2378 1928 2619 1992 interci-

293 2013 472 2075 iebat.
2620 2022 2703 2081 20

241 2035 290 2095 p
334 2095 638 2160 XLVIII.
669 2097 825 2160 Erat
855 2098 1174 2161 attributus
1220 2098 1493 2160 Antonio
1522 2086 1844 2181 praefectus
1872 2097 2138 2180 equitum
2164 2096 2241 2161 C.
2274 2096 2620 2165 Volusenus

236 2182 619 2265 Quadratus,
651 2184 753 2266 qui
784 2205 921 2245 cum
951 2204 1027 2245 eo
1056 2184 1362 2245 hiemaret.
1451 2181 1637 2245 Hunc
1685 2183 1986 2245 Antonius
2016 2184 2097 2246 ad
2140 2186 2620 2267 persequendum

234 2269 577 2350 equitatum
625 2268 887 2331 bostium
932 2269 1130 2331 mittit.
1217 2267 1560 2332 Volusenus
1605 2280 1804 2331 autem
1852 2269 1933 2331 ad
1975 2289 2109 2331 eam
2147 2268 2448 2347 virtutem,
2480 2292 2623 2353 quae

237 2352 569 2437 singularis
599 2355 661 2417 in
686 2376 760 2416 eo
789 2366 937 2432 erat,
969 2374 1260 2436 magnum
1291 2354 1496 2416 odium
1529 2352 1737 2416 Comii
1766 2354 2154 2437 adjungebat,
2188 2354 2308 2436 quo
2339 2354 2622 2419 libentius

235 2440 308 2501 id
357 2439 596 2517 faceret,
628 2441 790 2524 quod
820 2440 1247 2524 imperabatur.
1335 2438 1550 2521 Itaque
1577 2439 1879 2524 dispositis
1926 2439 2174 2516 insidiis,
2222 2438 2446 2524 sepius
2492 2442 2700 2524 ejus25

234 2527 473 2607 equites
517 2547 857 2609 aggressus,
906 2526 1172 2588 secunda
1257 2526 1429 2588 roelia
1459 2525 1735 2588 faciebat.
1821 2522 2193 2602 Novissime,
2265 2546 2407 2587 uum
2438 2527 2619 2590 vehe-

237 2612 505 2674 mentius
547 2612 1028 2689 contenderem,
1059 2632 1131 2673 ac
1225 2611 1504 2672 olusenus
1535 2610 1721 2695 ipsius
1749 2610 2167 2695 intercipiendi
2258 2611 2403 2674 omii
2451 2613 2622 2696 cupi-

231 2697 433 2760 ditate
462 2697 826 2780 pertinacius
854 2717 990 2758 eum
1033 2718 1169 2758 cum
1195 2695 1404 2780 paucis
1435 2697 1733 2758 insecutus
1763 2711 1943 2776 esset;
1986 2696 2088 2758 ille
2112 2709 2310 2759 autem
2340 2696 2490 2779 suga
2517 2718 2621 2759 ve-

232 2782 508 2845 hementi
539 2780 913 2844 Volusenum
941 2781 1183 2864 long-ius
1213 2781 1622 2866 produxisset3
1667 2782 1913 2864 repente
1945 2781 2212 2842 omnium
2255 2801 2499 2843 suorum
2529 2782 2623 2845 in·-

233 2881 429 2931 vocat
457 2867 637 2931 fidem
668 2883 849 2951 atque
880 2866 1194 2944 auxilium,
1225 2888 1299 2929 ne
1330 2888 1440 2928 sua
1467 2866 1739 2943 vulnera,
1771 2865 2026 2948 perfidia
2054 2865 2422 2948 interposita,
2452 2872 2705 2948 pate-30

229 2967 455 3018 rentur
483 2953 704 3034 inulta;
747 2973 1161 3035 conversoque
1205 2973 1382 3033 equo,
1430 2972 1493 3013 se
1538 2952 1576 3013 ὁ,
1615 2950 1851 3012 caeteris
1897 2949 2197 3011 incautius
2225 2949 2515 3031 permittit
2559 2951 2623 3014 in

227 3038 623 3125 praesectum.
713 3037 977 3101 Faciunt
1005 3037 1162 3099 idem
1190 3057 1395 3098 omnes
1420 3038 1548 3117 ejus
1570 3036 1818 3118 equites,
1842 3053 2193 3119 paucosque
2215 3045 2451 3095 nostros
2476 3054 2621 3096 con-

226 3138 488 3190 vertunt
517 3137 696 3207 atque
742 3125 1153 3206 insequuntur.
1241 3120 1496 3184 Comius
1525 3121 1833 3184 incensum
1862 3117 2205 3181 calcaribus
2232 3138 2452 3200 equum
2470 3119 2622 3200 juu-

225 3212 331 3295 git
364 3230 532 3293 equo·
556 3209 878 3292 Quadrati,
925 3207 1253 3291 lanceaque
1282 3207 1494 3269 infesta
1537 3205 1798 3268 medium
1830 3205 2024 3267 femur
2051 3204 2178 3286 ejus
2206 3202 2446 3296 magnis
2480 3203 2624 3265 viri-

223 3300 356 3359 bus
392 3295 704 3378 transjicit.
792 3293 1097 3358 Praesecto
1149 3292 1483 3369 vulnerato,
1533 3312 1656 3353 non
1704 3290 1984 3353 dubitant
2012 3288 2198 3351 nostri
2226 3289 2515 3368 resistere,
2563 3293 2707 3355 etas·

225 3382 519 3446 conversi
547 3382 782 3444 hostem
811 3379 1051 3464 pellere.
1097 3378 1284 3463 Quod
1314 3379 1418 3441 ubi
1443 3376 1684 3454 accidit,
1712 3374 2054 3460 complures
2082 3373 2363 3452 hostium,
2394 3395 2622 3457 magno

223 3480 590 3529 nostrorum
634 3468 860 3551 impetu
908 3465 1084 3549 pulsi,
1135 3463 1545 3539 vulnerantur,
1582 3476 1642 3524 et
1686 3462 1906 3545 partim
1947 3460 2011 3522 in
2040 3458 2188 3543 suga
2215 3473 2618 3544 proteruntur,

221 3550 471 3638 partim
494 3552 973 3636 intercipiuntur.
1061 3549 1246 3632 Quod
1278 3548 1380 3611 ubi
1423 3548 1648 3611 malum
1696 3547 1842 3623 dux,
1881 3546 2020 3628 equi
2050 3544 2386 3624 velocitate,
2434 3545 2624 3608 evita-

219 3640 354 3718 vit3
405 3637 675 3721 graviter
701 3638 1050 3700 vulneratus
1139 3634 1436 3710 roefectus,
1468 3648 1533 3695 ut
1560 3632 1704 3695 vitae
1734 3631 2065 3715 periculum
2097 3630 2366 3692 aditurus
2389 3629 2623 3691 videre-

1069 3658 1327 3784 (gumias
1357 3733 1578 3796 autem,
1611 3718 1737 3780 sive
1778 3716 2026 3800 expiato
2072 3735 2182 3776 suo
2226 3713 2455 3790 dolore,
2500 3712 2708 3777 sive40

219 3809 476 3892 magna
500 3823 673 3893 parte
702 3807 923 3871 amissa
945 3828 1210 3882 suorum,
1241 3806 1475 3887 legatos
1501 3804 1580 3866 ad
1609 3801 1944 3866 Antonium
1986 3799 2183 3877 mittit,
2215 3820 2393 3880 seque
2422 3797 2510 3860 ibi
2533 3795 2626 3861 su·

215 3909 450 3958 turum
477 3896 584 3957 ubi
614 3893 1068 3978 praescripserit,
1114 3906 1173 3954 et
1213 3912 1286 3953 ea
1331 3889 1629 3952 facturum
1677 3908 1818 3971 quse
1862 3885 2266 3969 imperaverit,
2314 3882 2625 3945 obsidibus

143 4009 154 4016 ’
217 3979 408 4043 datis
434 3979 664 4042 firmat:
696 4000 879 4042 unum
906 3977 1054 4042 iliud
1082 3989 1234 4054 orat,
1259 3990 1326 4038 ut
1347 3973 1550 4038 timori
1582 3994 1691 4035 suo
1722 3971 2109 4048 concedatur,
2139 3990 2215 4032 ne
2243 3969 2307 4031 in
2335 3987 2626 4052 conspec-

217 4079 373 4129 tum
407 4066 611 4128 veniat
632 4065 984 4148 cujusquam
1015 4062 1307 4126 Romani.
1384 4059 1591 4142 Quam
1621 4056 2083 4141 postulationem
2108 4053 2412 4117 Antonius
2436 4071 2627 4135 quum

199 4150 548 4234 judicaret
576 4151 656 4213 ab
673 4152 843 4234 justo
866 4148 1035 4212 nasci
1069 4149 1304 4224 timore,
1351 4145 1592 4208 veniam
1622 4143 1847 4244 petenti
1871 4140 2066 4219 dedit3
2108 4138 2349 4201 obsides
2372 4136 2709 4220 accepitAb

217 4235 399 4302 Scio
446 4232 758 4303 Caesarem
807 4234 1182 4318 singulorum
1243 4251 1543 4296 annorum
1599 4227 1868 4310 singulos
1911 4223 2376 4288 commentarios
2426 4220 2631 4285 confe-

290 4427 380 4474 12.
419 4423 808 4485 Kemdocennoe]
843 4423 1205 4471 Nemetocenna
1227 4436 1353 4469 nunc
1376 4428 1451 4468 est
1577 4416 1693 4466 Haec
1714 4420 1813 4464 lum
1835 4411 2027 4462 nentina
2046 4415 2198 4469 eram,
2218 4424 2343 4458 nunc
2362 4413 2472 4458 sunt
2503 4424 2601 4458 stne
2630 4424 2707 4459 nn-

211 4490 372 4539 locu·
409 4487 515 4534 sim
535 4487 747 4543 nomine,
769 4487 818 4532 in
840 4499 982 4545 quem
1006 4492 1219 4544 tempore
1249 4485 1298 4530 in
1331 4498 1451 4544 prae-
1699 4476 1825 4526 mt'nc
1856 4480 2001 4523 tmoe.

205 4553 444 4600 terium
483 4550 646 4597 futuro
677 4556 864 4596 mutato
892 4547 1117 4596 convenit
1136 4547 1453 4610 virgilianum
1578 4543 1656 4588 46.
1683 4540 1784 4589 scio
1806 4536 2070 4599 Coemem]
2092 4535 2251 4584 Veluti
2266 4535 2480 4609 epilogus
2492 4534 2600 4582 libri
2616 4541 2711 4591 θοις

207 4613 370 4669 Ναὶ,
1507 4605 1589 4652 ubi
1627 4618 1798 4662 nempe
1835 4615 1989 4649 nonus
2029 4614 2181 4649 annus
2220 4599 2403 4658 incipit,
2440 4597 2515 4646 vel
2556 4588 2713 4656 potii·

1508 4668 1661 4779 hiefiis
1681 4666 1797 4716 noni
1819 4664 1948 4716 anni.
2344 4661 2355 4672 ‘

265 4787 304 4822 e
