3059 5050
1207 292 1489 359 LIBER
1529 292 1676 359 vll.
1759 355 1763 359 ,
2552 310 2672 372 145

220 464 352 508 rum
380 455 441 507 et
461 440 700 524 viginti,
719 461 859 525 quoe
888 463 968 505 ex
997 440 1129 526 ipsa
1156 457 1372 505 coacta
1400 441 1730 506 Provincia
1758 445 1839 506 ab
1866 442 1944 505 L.
1972 443 2229 513 Caesare
2275 448 2479 533 legato
2508 453 2589 516 ad

219 550 426 593 omnes
457 541 654 610 partes
685 549 765 611 op
812 528 1166 589 onebantur.
1254 527 1539 604 Helvetii,
1570 529 1679 589 sua
1706 543 1916 612 sponte
1946 552 2083 591 cum
2132 533 2398 596 finitimis
2428 558 2589 619 proe-

219 613 300 676 lio
331 614 660 694 congressi,
691 550 1014 695 pelluntur,
1038 626 1097 674 et
1125 611 1204 675 C.
1236 612 1485 676 Valerio
1512 611 1875 676 Donotauro
1905 613 2138 677 Caburi
2164 617 2291 679 filio
2316 621 2589 705 principe

215 698 498 774 civitatiS,
521 696 1047 780 compluribusque
1097 698 1232 759 aliis
1261 697 1601 774 interfectiS‚
1618 699 1791 760 intra
1814 700 2041 783 oppida
2069 722 2392 787 murosque
2422 727 2588 768 com-

217 782 541 867 pelluntur.
626 781 1011 863 Allobroges,
1071 783 1294 844 crebris
1349 782 1426 844 ad
1478 780 1852 845 Rhodanum
1910 783 2210 870 dispositis
2267 791 2585 872 praesidiis,
2630 798 2669 855 5

218 868 449 949 magnai
469 888 605 929 cum
632 867 780 929 cura
802 881 861 928 et
887 866 1218 948 diligentia,
1245 888 1383 929 suos
1414 868 1562 929 fines
1588 880 1842 930 tuentur.
1931 867 2165 946 Caesar,
2193 872 2356 953 quod
2386 874 2586 939 hostes

215 956 489 1034 equitatu
518 952 852 1036 superiores
881 974 1005 1013 esse
1033 951 1425 1033 intelligebat,
1455 964 1534 1027 et,
1584 952 1917 1015 interclusis
1947 957 2224 1018 omnibus
2257 957 2585 1037 itineribuS,

218 1037 388 1099 nulla
417 1059 480 1098 re
517 1059 594 1099 ex
626 1036 939 1120 provincia
966 1050 1143 1119 atque
1171 1035 1351 1099 Italia
1397 1037 1698 1098 sublevari
1731 1050 1985 1121 poterat,
2017 1052 2180 1101 trans
2210 1041 2493 1104 Rhenum
2525 1045 2588 1108 in

221 1120 616 1185 Germaniam
641 1122 819 1183 mittit
847 1121 923 1184 ad
954 1143 1056 1184 eas
1084 1123 1375 1197 civitates,
1408 1142 1558 1203 quas
1604 1124 2011 1204 superioribus
2042 1127 2213 1186 annis
2243 1145 2585 1209 pacaverat,

217 1208 565 1288 equitesque
588 1209 665 1268 ab
703 1207 792 1268 his
823 1207 1092 1283 accersit,
1117 1221 1176 1268 et
1197 1206 1346 1268 levis
1372 1221 1697 1268 armaturae
1724 1207 1970 1291 pedites,
1998 1210 2099 1292 qui
2125 1212 2277 1272 inter
2300 1234 2402 1273 eos
2427 1222 2671 1296 prae-10

216 1290 354 1353 liari
384 1306 836 1354 consueverant.
905 1290 1140 1353 Eorum
1173 1291 1453 1379 adventu,
1480 1290 1646 1372 quod
1671 1292 1868 1353 minus
1893 1290 2123 1355 idoneis
2147 1297 2314 1377 equis
2338 1301 2588 1362 uteban-

215 1392 336 1452 tur,
370 1376 408 1438 ὁ,
436 1378 572 1440 trib.
604 1377 727 1438 mil.
761 1376 1141 1459 reliquisque,
1190 1377 1294 1439 sed
1324 1391 1381 1438 et
1420 1376 1721 1458 equitibus
1752 1374 2068 1456 RomaniS,
2101 1393 2277 1463 atque
2305 1386 2588 1462 evocatiS,

212 1483 407 1543 equos
431 1463 628 1539 sumit,
661 1461 1096 1543 Germanisque
1127 1461 1445 1523 distribuit.
2018 1502 2025 1511 ·

304 1544 541 1609 LXVI.
562 1545 799 1609 Interea
827 1548 969 1608 dum
996 1547 1129 1609 baec
1154 1560 1463 1628 geruntur,
1483 1547 1743 1609 hostium
1766 1547 1965 1631 copioe
1994 1570 2069 1612 ex
2094 1550 2403 1629 Arvernis,
2424 1557 2590 1638 equi-

213 1644 446 1713 tesque,
478 1631 578 1713 qui
627 1631 736 1693 toti
786 1629 1009 1693 Galliae
1056 1646 1228 1694 erant
1273 1632 1571 1714 imperati,
1619 1634 2000 1695 conveniunt.
2088 1633 2326 1718 Magno
2374 1640 2672 1707 horuml5

211 1732 438 1778 coacto
481 1737 751 1792 numero,
795 1737 977 1797 quum
1025 1714 1243 1777 Caesar
1285 1715 1347 1776 in
1396 1715 1713 1797 Sequanos
1757 1737 1862 1797 per
1909 1731 2208 1781 extremos
2240 1720 2597 1803 Lingonum

209 1801 373 1862 fines
403 1801 515 1862 iter
539 1800 780 1876 faceret,
805 1799 926 1879 quo
957 1798 1192 1860 facilius
1216 1800 1546 1860 subsidium
1575 1797 1923 1862 Provinciae
1947 1800 2087 1863 ferri
2115 1819 2336 1885 posset,
2360 1808 2605 1873 circiter

211 1885 418 1946 millia
445 1905 729 1968 passuum
777 1905 834 1945 x.
867 1885 945 1945 ab
974 1881 1293 1960 RomaniS,
1326 1883 1493 1944 trinis
1537 1883 1747 1945 castris
1775 1881 2241 1966 Vercingetorix
2287 1894 2599 1972 consedit3

213 1968 694 2050 convocatisque
724 1968 802 2031 ad
831 1967 1156 2029 concilium
1211 1966 1509 2050 praesectis
1549 1968 1837 2049 equitum,
1876 1970 2109 2032 venisse
2138 1983 2374 2061 tempus
2405 1974 2601 2042 victo-4

215 2053 337 2115 riae
362 2054 764 2115 demonstrat:
797 2051 1056 2134 “sugere
1079 2052 1140 2114 iu
1159 2051 1554 2115 Provinciam
1576 2051 1912 2132 Romanos,
1935 2053 2257 2141 Galliaque
2281 2065 2572 2128 excedere
2585 2071 2688 2132 :20

214 2138 288 2202 id
337 2138 450 2201 sibi
497 2139 574 2203 ad
621 2152 978 2223 praemtem
1024 2138 1411 2201 obtinendam
1443 2139 1778 2201 libertatem
1833 2141 1977 2202 satis
2022 2165 2191 2227 esse3
2255 2149 2334 2213 ad
2388 2150 2602 2233 reliqui

214 2225 512 2309 temporis
539 2246 750 2308 pacem
781 2239 962 2308 atque
989 2225 1176 2286 otium
1223 2224 1439 2308 parum
1470 2224 1706 2307 profici.
1791 2222 2137 2310 Majoribus
2181 2233 2340 2295 enim
2371 2237 2601 2298 coactis

211 2310 416 2394 copiis
445 2331 804 2387 reversuroS,
836 2330 1031 2391 neque
1059 2309 1239 2371 finem
1268 2309 1534 2372 bellandi
1566 2310 1870 2374 facturos:
1916 2316 2193 2399 proinde,
2215 2318 2459 2403 agmine
2488 2320 2607 2383 im-

216 2396 459 2480 peditos
490 2396 872 2458 adoriantur:
918 2395 966 2457 si
997 2394 1223 2478 pedites
1256 2395 1373 2455 suis
1394 2394 1691 2458 auxilium
1724 2396 1936 2477 ferant,
1969 2414 2148 2484 atque
2171 2402 2233 2464 in
2263 2425 2336 2466 eo
2361 2424 2601 2469 moren-

220 2496 341 2559 tur,
373 2481 483 2544 iter
505 2480 725 2544 confici
755 2501 879 2543 non
909 2500 1111 2572 posse:
1157 2478 1205 2541 si
1231 2477 1324 2565 (id
1348 2479 1512 2562 quod
1538 2483 1738 2565 magis
1769 2482 2031 2550 futurum
2057 2488 2348 2576 confidat)
2382 2491 2682 2556 relictis25

220 2563 687 2650 impedimentis»,
735 2588 862 2629 suae
910 2565 1087 2628 saluti
1133 2565 1470 2642 consulant,
1502 2580 1564 2629 et
1610 2590 1721 2631 usu
1769 2592 1968 2635 rerum
2016 2576 2506 2654 necessariarum,
2545 2592 2604 2641 et

219 2651 524 2734 dignitate
554 2652 874 2735 spoliatum
900 2650 992 2713 iri.
1066 2648 1230 2712 Nam
1263 2650 1338 2712 de
1366 2652 1667 2733 equitibus
1697 2655 1977 2736 hostium,
2008 2660 2153 2741 quin
2182 2680 2361 2722 nemo
2390 2682 2601 2725 eorum

273 2737 517 2819 rogi-edi
545 2736 729 2800 modo
758 2750 933 2799 extra
961 2757 1182 2818 agmffli
1212 2736 1449 2813 audeat,
1476 2758 1554 2801 ne
1585 2741 1748 2826 ipsos
1779 2742 2022 2824 quidem
2057 2745 2277 2808 debere
2305 2746 2599 2810 dubitare.

263 2822 305 2883 d
333 2844 454 2903 quo
484 2823 713 2904 majore
742 2820 967 2884 saciant
995 2822 1220 2898 animo,
1251 2821 1460 2905 copias
1492 2823 1556 2887 s'e
1604 2829 1809 2889 omnes
1836 2848 1951 2928 pro
1981 2830 2190 2891 castris
2237 2831 2600 2911 habiturum,

225 2924 290 2969 et
318 2908 532 2972 terrori
564 2908 833 2969 hostibus
863 2906 1188 2968 futurum.”
1277 2904 1690 2974 Conclamant
1717 2924 1963 2992 equiteS,
1989 2920 2027 2950 ‘⁴
2050 2913 2423 2977 sanctissimo
2434 2918 2686 2998 jure-30

207 2993 487 3075 jurando
517 2992 864 3055 confirmari
894 3003 1236 3073 opportere,
1267 3012 1342 3054 ne
1365 3004 1528 3056 tecto
1554 2996 1897 3078 recipiatur,
1923 3017 1997 3057 ne
2028 2997 2106 3058 ad
2137 2996 2376 3074 liber03,
2408 3022 2483 3062 ne
2525 3002 2606 3068 ad
2690 3033 2694 3046 ν

228 3092 527 3161 parenteS,
557 3099 633 3139 ne
657 3077 736 3193 εξ
763 3097 1014 3138 uxorem
1040 3074 1270 3137 aditum
1300 3076 1545 3153 habeat,
1577 3079 1680 3162 qui
1704 3099 1828 3141 non
1853 3079 1945 3141 his
1970 3101 2076 3162 per
2099 3081 2359 3144 hostium
2386 3105 2607 3165 agmen

310 3185 374 3224 re
418 3164 677 3225 uitasset.

225 3184 308 3246 pe
443 3246 587 3310 Vn.
631 3247 904 3310 Probata
934 3267 1017 3323 re,
1067 3260 1249 3330 atque
1286 3249 1568 3311 omnibus
1598 3250 1675 3311 ad
1710 3249 2136 3332 jusjurandum
2169 3252 2417 3331 adactis»,
2465 3276 2607 3340 pos-

227 3347 360 3395 tero
389 3333 487 3395 die
513 3333 578 3395 in
608 3346 726 3395 tres
756 3348 955 3417 partes
1002 3332 1320 3396 distributo
1349 3335 1640 3416 equitatu,
1671 3336 1811 3398 duae
1841 3355 1903 3396 se
1933 3336 2092 3406 acies
2123 3336 2159 3398 a
2196 3338 2431 3402 duobus
2460 3340 2687 3405 late-35

233 3417 398 3481 ribus
428 3419 786 3480 ostendunt:
833 3439 956 3480 una
996 3419 1034 3478 a
1065 3420 1260 3502 primo
1307 3421 1551 3501 agmine
1596 3420 1707 3482 iter
1748 3420 2039 3504 impedire
2079 3423 2283 3506 coepit.
2370 3423 2513 3509 Qua
2543 3449 2608 3490 re

234 3504 527 3580 nuntiati,
559 3501 776 3588 Caesar
812 3525 988 3566 suum
1036 3526 1275 3586 quoque
1326 3506 1654 3587 equitatum
1709 3505 2007 3589 tripartito
2038 3506 2293 3571 divisum
2325 3510 2413 3573 ire
2459 3534 2606 3575 con-

232 3603 330 3651 tra
377 3589 611 3651 hostem
652 3591 849 3671 jubet.
965 3587 1288 3671 Pugnatur
1339 3590 1460 3652 una
1513 3591 1793 3652 omnibus
1844 3590 1907 3652 in
1954 3593 2261 3674 partibus:
2335 3598 2609 3659 consistit

233 3695 486 3756 agmen:
531 3674 959 3758 impedimenta
989 3676 1142 3736 inter
1171 3674 1437 3756 legiones
1469 3675 1866 3757 recipiuntur:
1916 3677 1963 3736 si
1990 3677 2110 3758 qua
2132 3678 2193 3740 in
2224 3694 2395 3761 parte
2418 3682 2607 3743 nostri

231 3757 536 3836 laborare,
555 3772 667 3821 aut
689 3760 936 3840 gravius
967 3759 1158 3843 premi
1190 3761 1569 3835 videbantur,
1590 3759 1662 3821 eo
1689 3761 1863 3840 signa
1891 3760 2094 3822 inferri
2122 3760 2358 3840 Caesar,
2386 3766 2693 3829 aciem-40

223 3865 352 3926 que
395 3844 664 3907 converti
681 3845 980 3927 jubebat:
1025 3866 1163 3926 quae
1194 3865 1288 3912 res
1317 3858 1376 3906 et
1405 3845 1603 3907 hostes
1633 3845 1713 3907 ad
1743 3845 2174 3928 insequendum
2206 3849 2502 3926 tardabat,
2548 3864 2609 3912 et

300 3971 340 4016 l.
372 3970 427 4016 L.
464 3970 678 4031 Came]
752 3971 806 4018 L.
828 3971 994 4018 Cesar
1024 3984 1134 4017 cum
1167 3970 1237 4017 Μ.
1260 3970 1432 4031 Figulo
1493 3969 1573 4017 tea
1604 3971 1856 4016 Germanis
1889 3971 2123 4028 equitibus
2154 3987 2342 4032 temper
2375 3973 2558 4021 initium
2586 3977 2687 4024 vin-

229 4032 533 4079 oonsulatum
576 4034 722 4094 gessit
743 4047 869 4081 anno
889 4033 1019 4080 urbis
1050 4033 1253 4079 condito
1287 4047 1432 4079 ncxc.
1493 4033 1632 4078 cendi
1656 4033 1833 4078 factum
1855 4033 1901 4079 in
1925 4033 2108 4081 Gallico
2130 4034 2345 4095 civilique
2367 4038 2503 4083 bello.

231 4093 512 4153 posteaque,
531 4107 638 4142 orto
659 4095 785 4143 bello
816 4095 959 4152 civili,
981 4095 1195 4153 Pompeii
1217 4096 1431 4154 partibun
1560 4095 1633 4141 12.
1677 4094 1927 4156 Emoniia]
1972 4095 2170 4142 Evocati
2204 4106 2313 4143 suut
2353 4099 2434 4156 qui
2469 4099 2695 4159 legitimis

231 4157 437 4213 studuit5
483 4158 658 4205 invisus
695 4173 754 4205 eo
796 4158 987 4206 nomine
1030 4167 1195 4203 nostro
1237 4155 1433 4211 Cauri,
1495 4157 1742 4214 stipendiis
1774 4157 2020 4214 consectis,
2052 4166 2282 4217 tanquam
2312 4161 2692 4212 exercitatissimi

231 4219 438 4278 supplex
459 4220 673 4278 quamvis
695 4220 878 4278 suisset,
900 4221 963 4266 ab
993 4219 1066 4265 eo'
1082 4228 1156 4266 est
1182 4220 1434 4276 interemp-
1497 4218 1547 4325 {p
1579 4219 1722 4264 armis
1754 4213 1816 4265 ad
1853 4219 2026 4266 bollum
2060 4223 2121 4268 ab
2144 4220 2503 4279 imperatoribus
2524 4238 2689 4273 evoca·

230 4291 327 4327 tus.
1531 4287 1685 4326 anmr.
2688 4313 2697 4318 ,

295 4344 344 4389 6.
384 4343 554 4400 cm,
597 4342 720 4406 quad
750 4343 896 4392 hodes
924 4357 948 4390 e
1020 4343 1031 4354 “
1164 4342 1435 4405 anper-iores,
1560 4343 1637 4388 38.
1655 4342 1907 4404 Pugnatur
1917 4341 2017 4391 υπὰ
2030 4344 2242 4391 omnibus
2254 4345 2306 4392 in
2316 4345 2563 4408 peu-tibia]
2583 4348 2691 4396 Plu.

232 4403 345 4466 tm]
381 4406 561 4453 Cesar-i
584 4419 772 4463 semper
800 4420 926 4451 curae
968 4406 1052 4462 uit,
1074 4413 1126 4451 ut
1144 4405 1268 4451 vires
1292 4407 1435 4451 habe-
1498 4405 1690 4451 tarchus
1729 4405 1893 4452 scribit
1927 4419 1985 4450 eo
2023 4405 2187 4463 proelio
2221 4405 2458 4454 Caesarem
2479 4409 2691 4471 gladium

234 4479 312 4514 ret
329 4475 512 4523 mum,
533 4479 723 4526 quantia
753 4466 1047 4513 sufficiebant
1078 4467 1140 4513 ad
1172 4467 1435 4523 victoriam,
1499 4465 1730 4522 misisse,
1762 4481 1902 4524 quem
1934 4468 1982 4511 {u
2014 4468 2192 4525 templo
2214 4468 2412 4516 Arverni
2435 4474 2689 4531 suspende-

234 4529 500 4589 saltemque
523 4530 728 4589 aquales
749 4529 955 4575 hostium
976 4528 1166 4576 viribus.
1219 4528 1298 4575 Sic
1327 4543 1436 4576 cum
1499 4536 1624 4582 runt,
1647 4542 1755 4572 eum
1779 4527 1942 4586 postea
1964 4527 1992 4574 a
2014 4528 2204 4575 Cmsare
2227 4541 2549 4591 conspectum,
2582 4539 2691 4583 cum

231 4591 418 4639 videret
435 4592 693 4653 Belgarum
709 4589 1074 4646 multitudinem,
1089 4590 1257 4649 proelio
1273 4605 1436 4649 super·
1500 4590 1641 4635 amici
1686 4589 1850 4634 tollere
1899 4591 2168 4647 suaderent,
2211 4593 2311 4639 tolli
2353 4610 2449 4642 non
2500 4612 2695 4658 passum

233 4655 403 4702 §odere
426 4655 606 4701 maluit.
1498 4653 1658 4711 fuisse,
1680 4651 1815 4712 quasi
1836 4665 1974 4700 sacer
1994 4653 2173 4714 fuisset,
2194 4664 2241 4702 et
2262 4657 2418 4707 risisse

302 4716 375 4765 10.
397 4716 675 4781 Equiteme
706 4715 765 4765 ab
792 4713 865 4765 his
884 4712 1104 4779 accersit-J
1139 4713 1213 4761 Ab
1233 4714 1306 4761 his
1326 4727 1435 4773 pos·
