3059 5050
1286 308 1787 375 PRAEFATIO.
2736 334 2776 375 v

307 456 447 522 illos
499 455 771 520 Caesaris
813 475 943 519 esse
968 454 1311 519 nullatenus
1340 457 1606 520 dubitari
1634 468 1852 556 posset.
1940 454 2018 519 ln
2068 476 2331 519 errorem
2376 458 2651 521 homines
2680 459 2774 520 in-

304 545 610 607 duxerunt
635 540 829 603 MSS.
863 542 1108 622 quidam
1138 542 1316 619 tituli,
1388 563 1500 604 nos
1529 542 1798 604 indicare
1839 562 1966 603 non
2013 541 2265 625 pigebit,
2295 557 2362 605 ut
2393 543 2545 605 ferat
2571 543 2775 605 erudi-

303 643 401 690 tus
443 627 573 711 ipse
602 625 831 689 Lector
868 626 1190 707 judicium.
1277 564 1418 688 Mg.
1451 647 1578 708 reg.
1610 627 1747 688 cod.
1774 626 1944 708 cujus
1995 625 2196 710 prima
2245 627 2476 710 pagina
2522 625 2772 690 Claudii

303 711 569 775 Puteani
597 711 751 795 ipsa,
782 724 851 771 ut
893 712 1149 788 videtur,
1192 711 1378 794 ipsius
1409 732 1593 773 manu
1623 710 1913 793 inscripta
1942 723 2032 772 est
2081 710 2347 788 nomine,
2401 713 2561 774 hunc
2593 711 2776 775 habet

303 796 543 859 titulum
594 795 791 858 rubris
845 795 1056 858 litteris
1104 795 1301 857 adseri
1344 810 1492 872 tum,
1522 793 1687 858 Julii
1725 794 1987 857 Caesaris
2026 793 2600 858 Commentariorum
2631 794 2774 859 belli

312 880 547 944 Gallici
574 879 726 943 liber
800 880 983 942 rimus
1011 878 1247 963 incipit,
1324 878 1485 942 nlius
1544 878 1753 942 Celsus
1810 877 2240 943 Constantinus
2268 881 2362 943 vir
2407 880 2773 943 clarissimus

303 965 656 1028 emendavit.
802 964 912 1026 lter
940 963 1081 1026 MS.
1108 965 1328 1042 codex,
1359 965 1464 1046 qui
1495 963 1683 1025 libros
1713 964 1947 1027 tantum
1990 965 2066 1026 de
2110 965 2271 1027 bello
2303 964 2547 1027 Gallico
2589 966 2775 1028 habet

308 1064 557 1135 septem,
590 1051 674 1111 sic
699 1050 762 1110 in
790 1049 911 1111 fine
940 1050 1123 1110 habet
1143 1049 1352 1111 eidem
1380 1049 1622 1110 rubricii
1652 1049 1962 1131 scriptum,
1991 1047 2198 1112 Julius
2227 1047 2436 1113 Celsus
2467 1047 2772 1113 Constan-

304 1135 467 1197 tinus
505 1133 584 1199 U.
627 1133 703 1197 C.
734 1133 860 1220 legi
911 1132 1383 1211 Commentarios
1431 1132 1506 1195 C.
1537 1131 1700 1195 Julii
1738 1133 1999 1195 caesaris
2046 1133 2187 1195 belli
2219 1133 2469 1211 Gallici,
2513 1133 2618 1196 lib.
2650 1157 2770 1198 vn.

309 1218 525 1304 explic.
611 1218 852 1282 Abhinc
904 1217 1110 1280 Hirtii
1164 1217 1390 1280 Pansae
1446 1217 1633 1301 incip.
1681 1217 1978 1303 Praesatio
2023 1217 2184 1280 libri.
2271 1216 2358 1280 Et
2386 1234 2522 1302 post
2551 1219 2770 1281 librum

206 1300 231 1351 ἶ
304 1326 451 1366 vm.
484 1304 693 1366 iisdem
726 1303 925 1366 rubris
954 1303 1164 1364 litteris
1210 1304 1327 1364 scri
1372 1316 1499 1364 tum
1533 1303 1588 1363 le
1624 1303 1773 1379 itur,
1826 1301 2032 1364 Julius
2091 1301 2302 1365 Celsus
2340 1303 2773 1366 Constantinus

312 1387 391 1452 U.
423 1388 498 1451 C.
529 1388 654 1475 legi
678 1396 906 1451 tantum
962 1387 1205 1449 eliciter.
1362 1433 1378 1449 .
1403 1386 1568 1450 Julii
1589 1324 1910 1470 {²ont2jicis
1933 1387 2178 1449 maximi
2199 1386 2265 1449 Ε
2306 1387 2553 1450 hemeris
2575 1410 2773 1451 rerum

296 1484 606 1557 gestarum
635 1472 779 1536 belli
817 1472 917 1534 Ga
940 1471 1067 1549 lici,
1120 1471 1271 1535 liber
1300 1494 1447 1534 vm.
1480 1470 1768 1556 emplicuit
1780 1471 2068 1557 feliciter.
2156 1471 2226 1534 Μ
2284 1519 2298 1534 .
2330 1474 2525 1535 codex
2556 1472 2772 1536 Thna-

306 1579 418 1620 nus
463 1561 548 1620 sic
600 1559 785 1620 habet
829 1557 892 1619 in
940 1578 1038 1619 ma
1121 1557 1216 1618 'ne
1245 1556 1382 1618 libri
1418 1579 1490 1619 n.
1521 1557 1598 1618 de
1626 1557 1788 1617 bello
1830 1556 2091 1633 Gallico,
2121 1557 2185 1618 in
2215 1558 2533 1641 principio,
2565 1557 2772 1621 Julius

313 1642 524 1706 Celsus
573 1641 1003 1705 Constantinus
1107 1688 1121 1703 .
1162 1641 1237 1703 C.
1267 1640 1414 1725 legi,
1453 1641 1602 1703 Caii
1641 1640 1898 1703 Cre-saris
1952 1640 2420 1704 Commentarios
2457 1642 2725 1726 feliciter
2744 1667 2770 1719 3

310 1728 373 1788 in
398 1729 673 1809 margine
713 1728 856 1790 vero
889 1726 1024 1788 libri
1058 1748 1159 1789 111.
1191 1727 1268 1787 de
1295 1727 1458 1787 bello
1486 1726 1727 1787 Gallico
1752 1727 1836 1786 sic
1865 1740 1954 1787 est
1977 1727 2286 1809 scriptum,
2333 1728 2397 1788 in
2449 1727 2639 1810 princi
2687 1728 2768 1805 ie,

307 1809 515 1872 Julius
557 1811 764 1873 Celsus
804 1810 1237 1872 Constantinus
1271 1809 1348 1872 U.
1391 1810 1467 1873 C.
1497 1810 1642 1894 legi,
1692 1809 1947 1873 Flavius
1977 1809 2256 1873 Licerius
2283 1810 2598 1873 Firminus
2743 1847 2772 1860 -

303 1893 547 1975 pic-inus
577 1893 723 1976 legi,
752 1894 894 1954 libri
927 1893 1094 1955 Belli
1131 1893 1362 1955 Gallici
1391 1894 1541 1956 liber
1574 1916 1643 1955 11.
1677 1894 1940 1978 explicit,
1963 1893 2084 1956 inci
2138 1894 2176 1955 ‘t
2205 1893 2355 1957 liber
2385 1916 2485 1957 111.
2573 1894 2688 1958 His
2713 1910 2774 1959 et

317 1976 537 2038 talibus
566 1977 771 2054 titulis,
802 1977 908 2058 qui
936 1977 1160 2059 passim
1191 1992 1401 2039 extant
1444 1979 1506 2039 in
1553 1977 1745 2039 MSS.
1780 1978 1942 2040 Cod.
1973 1980 2035 2039 in
2107 1979 2315 2040 ubium
2336 1993 2395 2040 et
2419 1980 2482 2040 in
2509 2000 2770 2043 errorem

310 2061 489 2122 simul
532 2062 790 2142 conjecti
820 2074 976 2137 sunt,
1008 2063 1353 2142 quicunque
1381 2062 1458 2123 de
1486 2063 1701 2123 horum
1734 2062 2025 2124 librorum
2058 2077 2269 2124 autore
2313 2064 2684 2141 dubitarunt,
2714 2079 2776 2127 et

305 2144 492 2207 Celso
523 2146 705 2228 quam
739 2144 974 2207 Caesari
1005 2146 1357 2226 adjudicare
1383 2147 1762 2230 maluerunt3
1803 2147 1944 2209 cum
1991 2161 2192 2208 tamen
2244 2169 2366 2209 non
2401 2149 2599 2231 magis
2645 2170 2771 2214 esse

304 2228 493 2307 Celsi,
525 2230 707 2312 quam
737 2229 898 2291 illius
928 2227 1128 2292 Flavii
1160 2228 1385 2292 Licerii
1411 2229 1672 2294 Firmini
1693 2229 2001 2314 Lapicini,
2034 2232 2304 2313 quisquis
2333 2232 2434 2294 ille
2454 2231 2649 2311 suerit,
2662 2236 2770 2316 ju-

295 2313 503 2377 dicare
528 2314 887 2377 debuissent.
976 2313 1217 2376 Eodem
1250 2314 1373 2377 fato
1401 2316 1724 2378 damnatus
1753 2333 1845 2377 est
1883 2315 2129 2398 elegans
2159 2316 2261 2378 ille
2289 2316 2442 2379 liber
2489 2316 2766 2382 Cornelii

297 2398 556 2484 Nepotis
579 2401 655 2462 de
678 2400 805 2461 vita
823 2399 1241 2461 excellentium
1270 2399 1736 2484 Imperatorum,
1762 2401 1868 2483 qui
1885 2399 2140 2462 AEmilio
2169 2401 2380 2464 Probo
2404 2403 2763 2487 exscriptori

296 2486 497 2567 potius
528 2484 709 2568 quim
739 2485 959 2547 Autori
1012 2485 1091 2546 ab
1139 2485 1429 2569 imperitis
1459 2486 1656 2548 adseri
1704 2498 1798 2548 tus
1828 2498 1935 2563 est,
1982 2484 2120 2549 cum
2152 2485 2393 2549 Probus
2421 2485 2761 2552 Theodosii

296 2584 496 2648 aetate,
524 2570 644 2653 quii
689 2572 852 2632 bona
874 2568 1183 2632 Latinitas
1241 2571 1607 2647 exoleverat,
1701 2572 1963 2633 omelius
1991 2569 2203 2654 Nepos
2234 2570 2552 2635 Ciceronis
2581 2587 2763 2637 aetate

294 2655 532 2718 vixerit.
618 2655 715 2718 Ita
742 2654 953 2716 Probo
982 2676 1258 2716 coaevum
1305 2656 1463 2717 hunc
1492 2655 1531 2717 J
1540 2657 1726 2717 ulium
1757 2655 2004 2718 Celsum
2038 2655 2531 2734 Constantinum,
2562 2660 2664 2740 qui
2696 2661 2760 2721 in

294 2741 558 2822 quodam
592 2739 809 2802 Levini
833 2737 1141 2801 Torrentii
1165 2738 1306 2801 MS.
1340 2739 2049 2825 Constantinopolitanus
2077 2761 2205 2803 esse
2251 2741 2551 2819 scribitur,
2582 2743 2762 2804 fuisse

290 2826 512 2902 cred03
556 2839 615 2888 et
642 2824 937 2908 ejusmodi
981 2825 1453 2886 clarissimorum
1479 2824 1770 2887 Virorum
1801 2825 2085 2889 lectiones
2136 2826 2540 2889 testimoninm
2592 2827 2760 2890 libris

291 2910 553 2972 adscribi
606 2909 868 2986 solitum,
899 2921 965 2971 ut
1009 2909 1157 2971 fides
1208 2909 1535 2971 lectoribus
1567 2911 1753 2987 fieret,
1784 2931 1908 2972 non
1939 2911 2294 2973 mendosum
2325 2931 2455 2973 esse
2481 2913 2756 2975 codicem

288 2996 394 3076 qui
426 2996 462 3056 a
490 3007 660 3057 tanto
687 2995 820 3056 viro
845 2994 1026 3055 fuisse
1052 2993 1370 3077 perlectus,
1458 2993 1647 3077 Quod
1683 2995 1820 3058 ideo
1853 2996 2054 3072 fiebat,
2086 2994 2228 3078 qnia
2259 2994 2528 3058 Libras-ii
2557 2996 2758 3076 ignari

288 3093 484 3156 erant,
515 3095 573 3141 et
602 3080 745 3161 quia
777 3078 997 3161 ignari,
1028 3079 1168 3140 idei)
1201 3080 1470 3141 mendosi
1503 3079 1792 3161 nullique
1842 3080 1963 3141 fide
2015 3080 2208 3160 digni,
2261 3101 2517 3161 quorum
2550 3080 2760 3165 Scrip-

288 3165 441 3225 tioni
467 3164 580 3225 nisi
605 3164 814 3245 magni
844 3178 904 3225 et
931 3163 1094 3224 docti
1123 3164 1236 3225 viri
1267 3177 1557 3246 tanquam
1591 3164 1934 3226 tabellionis
1965 3163 2167 3225 officio
2191 3163 2379 3225 suncti
2410 3166 2758 3228 accessisset

285 3250 599 3325 autoritaS,
640 3248 809 3311 nullo
838 3249 899 3309 in
975 3248 1121 3308 retio
1151 3248 1264 3309 fuit
1287 3250 1483 3311 codex
1513 3248 1769 3311 futurus.
1857 3246 1953 3310 lta
2006 3248 2316 3348 superiore
2360 3248 2586 3311 saeculo
2613 3251 2754 3314 cum

286 3333 532 3396 inventa
558 3334 765 3397 suisset
792 3354 888 3394 ars
980 3354 1023 3415 y
1070 3333 1426 3416 ographica,
1456 3334 1817 3395 doctissimis
1846 3332 1990 3395 viris
2019 3332 2133 3394 suit
2178 3332 2519 3412 commissa,
2551 3349 2618 3397 ut
2641 3334 2755 3398 Ju-

284 3418 444 3480 doco
464 3415 667 3481 Badia
689 3418 1002 3494 Ascensio,
1024 3353 1069 3478 g

284 3503 448 3581 dam,
479 3516 547 3565 ut
572 3503 848 3565 Adriano
876 3500 1175 3565 Turnebo
1203 3515 1264 3563 et
1286 3500 1617 3565 Frederico
1645 3501 1928 3581 More110,
1955 3503 2060 3585 qui
2086 3502 2349 3565 vicissim
2377 3503 2492 3566 illis
2521 3505 2754 3566 artibus

282 3586 622 3650 Clarissimi
652 3588 766 3650 viri
797 3586 1028 3650 nomini
1059 3608 1168 3648 suo
1217 3588 1611 3650 :eternitatem
1640 3589 1961 3671 parabant.
2048 3587 2143 3650 Ac
2196 3588 2359 3650 certe
2415 3585 2753 3673 Typogra-

214 3717 223 3726 .
280 3673 541 3757 phorum
574 3673 823 3736 nomina
850 3672 915 3733 in
945 3671 1145 3732 futura
1172 3671 1401 3734 saecula
1425 3672 1535 3734 sua
1559 3686 1686 3735 arte
1710 3673 2042 3756 propagari
2071 3672 2437 3757 experimur,
2489 3675 2628 3736 oiim
2659 3672 2752 3736 in-

283 3758 454 3820 terim
481 3757 823 3858 principum
849 3755 914 3817 in
938 3754 1206 3839 Republ.
1232 3757 1501 3819 virorum
1526 3758 1780 3820 nomina
1801 3777 1940 3820 cum
1978 3758 2248 3842 ipsorum
2276 3758 2423 3835 vita,
2453 3757 2624 3821 nulli
2645 3778 2752 3820 eo-

284 3863 416 3906 rum
447 3855 764 3929 superstite
792 3839 1109 3919 memoria,
1142 3862 1308 3926 saepe
1335 3840 1642 3905 tollantur.

1075 3416 1350 3500 tephanis
1376 3435 1557 3500 atque
1581 3419 1760 3480 etiam
1788 3417 2238 3482 Professor-ibus
2263 3416 2480 3501 Regiis
2503 3420 2754 3502 quibus-
