3059 5050
412 260 539 323 834
988 250 997 261 ‘
1418 245 1497 307 A.
1544 238 1838 307 HIRTII

497 412 719 485 posset,
749 418 860 460 nec
906 419 983 459 ne
1022 396 1222 458 locum
1270 391 1501 454 nullum
1533 390 1847 453 excusatio
1876 389 2139 463 haberet,
2170 404 2280 446 nec
2310 402 2540 444 moram
2573 382 2893 464 tergiver-

498 487 673 547 satiO.
761 483 900 566 lpse
946 483 1171 543 interea
1199 500 1277 540 ex
1308 478 1576 561 perfugis
1604 492 1664 537 et
1705 474 1937 549 incolis,
1967 471 2224 553 cognitis
2253 470 2696 529 conditionibus
2731 468 2892 529 Sci-

499 570 722 653 pionis,
769 583 827 629 et
872 568 973 649 qui
1022 586 1157 626 cum
1203 584 1276 624 eo
1322 576 1537 624 contra
1583 583 1644 621 se
1690 560 1914 622 bellum
1961 558 2271 639 gerebant,
2304 554 2568 614 miserari
2603 553 2892 636 (regium

500 656 663 716 enim
711 653 1035 734 equitatum
1067 651 1128 711 in
1159 646 1475 732 provincia
1504 645 1714 706 Africa
1744 643 1957 726 Scipio
1988 638 2214 723 alebat)
2246 638 2412 699 tanta
2441 638 2711 699 homines
2743 658 2896 698 esse

421 746 461 805 5
506 738 822 813 dementia,
848 750 913 797 ut
942 734 1187 796 mallent
1216 734 1375 813 regis
1405 753 1534 792 esse
1565 729 1908 808 vectigales,
1939 727 2121 808 quam
2151 745 2288 785 cum
2318 723 2551 784 civibus
2581 722 2641 785 in
2673 722 2895 806 patriis

505 824 569 885 in
595 825 714 884 suis
739 820 986 882 fortunis
1010 841 1138 880 esse
1161 818 1508 879 incolumes·

588 906 703 970 IX.
737 905 953 968 Caesar
983 927 1039 966 a.
1071 905 1131 965 d.
1166 923 1263 963 111.
1313 900 1477 965 Non.
1508 897 1650 960 Jan.
1682 910 1880 959 castra
1927 907 2166 958 movet:
2212 891 2511 975 Leptique
2539 913 2627 954 vi.
2658 894 2894 953 cohor·

505 993 650 1055 tium
684 991 968 1074 praesidio
1013 1009 1150 1051 cum
1199 984 1461 1047 Saserna
1508 984 1738 1057 relicte,
1770 981 1898 1069 ipse
1944 1001 2168 1056 rursus,
2198 979 2359 1040 unde
2388 977 2581 1060 pridie
2609 992 2893 1053 venerat,

508 1077 849 1159 Ruspinam
903 1096 1039 1135 cum
1096 1072 1336 1152 reliquis
1390 1069 1583 1152 copiis
1634 1068 1967 1128 convertit:
2025 1066 2227 1146 ibique
2281 1060 2528 1124 sarcinis
2580 1062 2899 1124 exercitiis

429 1160 747 1235 lotvlietis,
781 1161 905 1242 ipse
934 1180 1071 1219 cum
1103 1155 1384 1239 expedita
1431 1176 1609 1214 manu
1661 1152 2061 1236 proficiscitur
2090 1149 2318 1210 circum
2351 1147 2524 1208 villas
2551 1146 2898 1209 frumenta·

507 1260 631 1307 tum
656 1266 674 1323 ;
719 1245 1160 1328 oppidanisque
1206 1244 1480 1323 imperat,
1515 1253 1578 1301 ut
1603 1239 1868 1321 plaustra
1885 1238 2283 1317 jumentaque
2305 1235 2510 1293 omnia
2535 1248 2896 1314 sequantur.

505 1329 720 1411 Itaque
752 1350 976 1409 magno
1007 1327 1285 1388 frumenti
1330 1327 1575 1386 invento
1608 1343 1878 1397 numere,
1911 1320 2247 1403 Ruspinam
2295 1318 2467 1379 redit.
2557 1316 2698 1379 Hoc
2746 1338 2896 1379 eum

508 1415 740 1476 idcirco
767 1414 1047 1474 existimo
1078 1413 1300 1487 secisse,
1334 1431 1408 1471 ne
1434 1409 1734 1469 maritima
1764 1407 1994 1490 oppida
2025 1418 2160 1488 post
2189 1426 2251 1464 se
2281 1423 2476 1463 vacua
2501 1402 2898 1485 relinqueret,

506 1499 912 1582 praesidioque
944 1497 1181 1557 firmata
1211 1496 1290 1556 ad
1319 1495 1569 1555 classem
1595 1491 1974 1575 receptacula
2005 1491 2280 1551 muniret.

431 1590 505 1648 15
594 1582 675 1645 X.
731 1581 963 1662 Itaque,
997 1583 1079 1642 ibi
1128 1581 1336 1643 relicto
1366 1579 1440 1640 P.
1474 1578 1757 1654 Saserna,
1790 1577 1972 1637 fratre
1999 1578 2147 1656 ejus,
2179 1594 2355 1655 quem
2389 1571 2567 1656 Lepti
2599 1573 2896 1655 proximo

508 1668 737 1752 oppido
784 1667 1103 1748 reliquerat
1132 1688 1270 1728 cum
1321 1664 1582 1745 legione,
1619 1663 1795 1743 jubet
1840 1659 2210 1743 comportari
2260 1659 2430 1740 ligna
2476 1659 2539 1719 in
2589 1659 2897 1740 oppidum

509 1753 690 1834 quam
724 1752 984 1835 plurima
1010 1773 1026 1812 :
1072 1753 1088 1811 i
1138 1774 1198 1811 se
1229 1770 1366 1812 cum
1397 1749 1748 1810 cohortibus
1777 1768 1892 1808 vn.
1924 1766 2063 1828 quae
2093 1765 2170 1806 ex
2202 1743 2497 1805 veteranis
2545 1743 2897 1889 leffinibus

510 1837 572 1898 in
622 1837 811 1899 classe
839 1857 976 1898 cum
1010 1774 1285 1919 Suppicio
1313 1849 1373 1897 et
1397 1833 1649 1895 Vatinio
1681 1854 1804 1894 rem
1837 1843 2163 1913 gesserant,
2208 1851 2287 1890 ex
2331 1828 2560 1911 oppido
2715 1830 2896 1911 spina

510 1943 823 2003 egressu53
869 1922 1267 2004 proficiscitur
1297 1922 1377 1982 ad
1407 1933 1669 2003 portum,
1697 1919 1798 2000 qui
1825 1919 1994 1978 abest
2023 1918 2101 1976 ab
2127 1914 2358 1997 oppido
2389 1914 2576 1976 millia
2599 1934 2892 1996 passuum

426 2011 585 2071 2011.
614 2028 631 2086 ;
678 2007 878 2089 ibique
906 2006 1157 2069 classem
1188 1998 1298 2069 s'ub
1324 2025 1637 2087 vesperum
1669 2024 1804 2064 cum
1837 2003 1911 2063 ea
1935 2002 2120 2084 copia
2146 1999 2515 2061 conscendit.
2585 1998 2898 2061 Omnibus

514 2092 577 2153 in
623 2094 892 2153 exercitu
938 2093 1157 2167 insciis,
1216 2105 1276 2152 et
1322 2089 1759 2171 requirentibus
1812 2084 2203 2170 Imperatoris
2246 2084 2604 2161 consilium3
2665 2106 2896 2166 magno

511 2190 673 2237 metu
700 2198 772 2237 ac
799 2176 1033 2238 tristitia
1058 2177 1558 2237 sollicitabantur.
1631 2172 1836 2235 Parva
1858 2173 2016 2233 enim
2043 2191 2182 2233 cum
2208 2170 2406 2252 copia,
2427 2183 2488 2231 et
2509 2170 2582 2231 eti
2605 2170 2892 2246 tironum,

512 2282 708 2343 neque
755 2261 919 2322 omni
966 2262 1261 2344 exposita,
1310 2261 1372 2321 in
1422 2259 1632 2320 Africa
1676 2272 1890 2319 contra
1933 2276 2188 2337 magnas
2235 2255 2463 2337 copias,
2495 2272 2556 2315 et
2583 2255 2890 2317 insidiosae

514 2346 777 2408 nationis
823 2346 1271 2429 equitatumque
1318 2343 1836 2419 innumerabilem,
1887 2364 1947 2404 se
1990 2341 2299 2424 expositos
2330 2340 2651 2417 videbant3
2691 2360 2888 2420 neque

430 2432 843 2514 25quidquam
876 2432 1072 2493 solatii
1103 2432 1163 2493 in
1195 2430 1538 2515 praesentia,
1571 2449 1761 2511 neque
1786 2427 2079 2490 auxilium
2111 2427 2173 2488 in
2205 2445 2446 2511 suorum
2476 2424 2728 2487 cousiho
2755 2426 2892 2486 ani-

516 2517 991 2593 madvertebant,
1042 2517 1155 2580 nisi
1204 2518 1263 2579 iu
1313 2516 1499 2600 ipsius
1551 2514 1942 2598 Imperatoris
1988 2512 2178 2587 vultu,
2227 2512 2458 2592 vigore,
2514 2510 2896 2593 mirabilique

515 2602 832 2663 hilaritate.
922 2603 1211 2663 Animum
1244 2604 1403 2663 enim
1451 2601 1637 2662 altum
1669 2614 1729 2661 et
1774 2613 2037 2660 erectum
2084 2618 2214 2680 prae
2258 2617 2320 2657 se
2368 2598 2641 2677 gerebat.
2733 2595 2896 2659 Huic

516 2687 981 2766 acquiescebant
1012 2688 1303 2762 homiues,
1334 2700 1391 2746 et
1422 2686 1482 2746 in
1512 2684 1640 2765 ejus
1671 2685 1920 2745 scientia
1947 2697 2007 2743 et
2035 2682 2290 2744 consilio
2332 2682 2540 2744 omnia
2591 2681 2704 2743 sibi
2756 2704 2898 2764 pro-

517 2769 679 2830 cliva
706 2791 916 2832 omnes
945 2770 1073 2832 sore
1103 2772 1447 2854 sperabant.

432 2861 519 2921 30
604 2852 719 2916 XI.
753 2854 970 2917 Caesar
995 2855 1055 2916 in
1082 2857 1336 2918 navibus
1361 2855 1483 2917 una
1508 2869 1686 2917 nocte
1710 2853 2088 2938 consumpta,
2106 2855 2240 2934 jam
2266 2853 2425 2915 coelo
2449 2852 2689 2915 albente
2715 2875 2896 2935 quum

519 2941 820 3023 proficisci
852 2955 1190 3018 conaretur,
1225 2940 1421 3003 subito
1462 2941 1708 3003 navium
1752 2962 1913 3022 pam,
1962 2941 2038 3001 de
2087 2939 2208 3021 qua
2253 2940 2521 3014 timebat,
2569 2960 2649 3000 ex
2697 2961 2900 3001 errore

516 3025 728 3087 eodem
778 3026 1217 3090 conferebatur.
1307 3025 1443 3088 Hac
1493 3048 1558 3087 re
1604 3027 1871 3106 cognita,
1927 3024 2144 3086 Caesar
2193 3024 2463 3085 celeriter
2514 3024 2590 3085 de
2625 3025 2900 3086 navibus

518 3111 775 3195 imperat
804 3133 1013 3173 omnes
1042 3112 1272 3195 egredi,
1313 3125 1493 3193 atque
1542 3127 1806 3173 armatos
1854 3111 1915 3171 iu
1964 3111 2162 3171 littore
2207 3108 2469 3190 reliquos
2513 3109 2899 3171 advenientes

518 3197 734 3258 milites
762 3195 1133 3280 exspectare.
1220 3196 1433 3279 Itaque
1462 3196 1591 3258 siue
1621 3195 1790 3257 mora
1823 3196 2077 3256 navibus
2122 3193 2208 3256 eis
2258 3195 2318 3254 in
2351 3209 2591 3276 portum
2625 3197 2900 3278 receptis,

435 3283 577 3342 35et
608 3281 875 3342 advectis
906 3282 1158 3344 militum
1207 3284 1597 3364 equitumque
1646 3281 1857 3363 copiiS‚
1890 3301 2093 3341 rursus
2122 3280 2199 3340 ad
2230 3280 2523 3361 oppidum
2557 3278 2900 3361 Ruspinam

520 3366 693 3438 redit,
726 3381 904 3446 atque
935 3366 1017 3428 ibi
1048 3368 1261 3428 castris
1308 3366 1666 3440 constitum,
1707 3366 1833 3447 ipse
1880 3386 2016 3426 cum
2049 3365 2397 3425 cohortibus
2427 3365 2717 3447 expeditis
2747 3385 2894 3425 xxx.

519 3448 947 3511 frumentatum
978 3466 1065 3512 est
1096 3451 1414 3534 profectu&
1502 3449 1606 3511 Ex
1654 3471 1727 3510 eo
1772 3463 1859 3511 est
1899 3450 2212 3531 cognitum
2244 3447 2513 3510 Caesaris
2543 3448 2852 3511 consilium
2879 3473 2898 3510 z

522 3532 687 3594 illum
714 3555 853 3595 cum
885 3533 1076 3596 classe
1106 3536 1360 3597 navibus
1390 3534 1702 3611 onerariiS‚
1735 3556 1873 3615 quae
1902 3535 2296 3611 deerrassent‚
2327 3535 2595 3596 subsidio
2623 3534 2705 3595 ire
2734 3535 2898 3597 clam

520 3617 789 3680 hostibus
816 3619 1112 3698 voluisse3
1158 3642 1234 3682 ne
1263 3641 1406 3682 casu
1437 3620 1846 3703 imprudentes
1877 3641 2003 3680 suae
2036 3640 2217 3681 naves
2243 3619 2304 3680 in
2334 3619 2585 3680 classem
2620 3620 2902 3683 adversa-

434 3704 744 3765 40riorum
778 3704 1145 3784 inciderent3
1190 3726 1383 3787 neque
1412 3726 1545 3767 eam
1579 3725 1702 3766 rem
1734 3726 1838 3766 eos
1867 3704 2128 3765 voluisse
2157 3704 2327 3780 scire,
2359 3705 2464 3785 qui
2512 3705 2572 3766 iu
2605 3707 2902 3789 praesidiis

503 3845 573 3890 14.
604 3844 682 3891 Ad
700 3846 886 3892 elnam
909 3846 1236 3908 receptacula]
1278 3847 1633 3904 Manuscriptus
1697 3847 1933 3908 legionem
1953 3847 2132 3894 Caesati
2155 3848 2285 3905 apud
2307 3846 2572 3907 Lilyboeum
2594 3849 2742 3894 fuisse
2757 3847 2901 3905 scrip-

435 3909 589 3953 codex
614 3907 881 3953 Victorinus
903 3908 1063 3964 habet,
1080 3908 1143 3955 ud
1163 3909 1316 3956 cla-ta}
1336 3909 1633 3972 receptacula.
1698 3918 1798 3956 tum
1821 3919 1908 3956 est.

434 3971 548 4023 Qum
573 3969 692 4014 sorte
715 3969 882 4015 melior
904 3969 1059 4016 lectio.
1758 3973 1835 4017 4⁴).
1867 3971 2029 4032 Neque
2053 3985 2156 4019 eam
2177 3985 2270 4017 rem
2290 3985 2363 4018 eos
2383 3970 2576 4018 volutae
2592 3971 2746 4031 seira]
2814 3971 2903 4034 Ne,

506 4033 573 4077 ts.
601 4031 820 4091 Vatinia]
868 4031 942 4076 De
966 4031 1156 4079 Vatinio
1177 4047 1323 4091 supra
1345 4034 1391 4079 in
1414 4033 1535 4080 libro
1557 4047 1633 4081 111.
1697 4043 1749 4080 ut
1787 4033 1913 4080 infra
1943 4034 2129 4088 dicitur,
2163 4045 2360 4091 propter
2391 4047 2584 4079 suorum
2611 4037 2902 4093 paucitatem

434 4096 496 4140 de
518 4094 643 4139 bello
665 4093 803 4138 Civili
827 4102 873 4137 et
895 4095 956 4138 de
979 4094 1102 4140 bello
1124 4096 1463 4142 Alexandrino.
1697 4105 1744 4142 et
1788 4097 1991 4142 hostium
2045 4095 2391 4141 multitudinem
2448 4107 2574 4142 metu
2631 4098 2901 4142 deficerent.

497 4157 576 4202 2³⁰.
597 4154 820 4202 Omnibus
842 4156 891 4200 in
922 4156 1126 4202 exercitu
1144 4157 1334 4219 iendis]
1391 4157 1634 4218 Vegetius‚
1697 4158 1814 4206 Tale
1837 4158 2085 4204 consilium
2119 4158 2345 4204 Eumenis
2382 4172 2678 4216 magnopere
2707 4169 2780 4205 est
2804 4160 2901 4203 lau·

435 4217 518 4265 lib.
552 4232 626 4265 ιιι.
658 4231 765 4276 cap.
788 4219 834 4263 6.
858 4215 1020 4264 scribit
1043 4227 1224 4266 veteres
1258 4220 1519 4267 Minotauri
1543 4221 1636 4280 sig·
1699 4222 1881 4274 datum,
1903 4220 1982 4280 qui
2020 4218 2125 4266 cum
2149 4235 2258 4265 suos
2292 4221 2463 4266 milites
2497 4230 2668 4267 contra
2707 4220 2902 4266 fortissi-

436 4294 549 4325 num
568 4280 617 4324 iu
633 4280 898 4352 leg-ionibus
914 4280 1153 4336 habuisse,
1170 4291 1221 4328 ut
1235 4283 1636 4341 quemadmodum
1702 4298 1803 4328 mos
1826 4283 1987 4328 hostes
2018 4284 2242 4338 ducerem
2286 4283 2433 4328 deviis
2467 4282 2718 4329 itineribus
2752 4282 2902 4336 duxit,

434 4340 514 4386 ille
545 4342 592 4386 in
616 4341 781 4388 intimo
802 4351 850 4387 et
872 4343 1188 4388 secretissimo
1212 4343 1484 4404 labyrintho
1506 4343 1637 4389 abdi·
1701 4344 1748 4390 ἰιι
1767 4346 1935 4401 quibus
1959 4359 2077 4390 vera
2093 4345 2257 4390 audire
2281 4360 2375 4390 nou
2399 4355 2612 4402 possent,
2636 4357 2685 4391 et
2703 4346 2776 4391 his
2797 4359 2901 4402 per·

438 4410 513 4446 tus
537 4404 824 4460 perhibetur,
846 4404 915 4449 ita
935 4404 1069 4451 ducis
1091 4406 1338 4452 consilium
1357 4421 1544 4463 semper
1559 4422 1636 4451 oc·
1700 4408 1847 4453 suasit
1871 4423 1921 4452 se
1942 4416 2112 4452 contra
2133 4409 2366 4464 quosdam
2393 4409 2627 4453 barbaros
2653 4407 2900 4465 proficisci,

438 4463 616 4508 cultum
633 4474 771 4511 esset.
1700 4477 1744 4513 et
1770 4470 1901 4526 prius
1920 4468 1965 4514 in
1990 4470 2141 4514 aciem
2165 4471 2422 4515 exercitum
2445 4469 2627 4523 eduxit,
2651 4468 2792 4528 quiam
2815 4469 2901 4513 mi-

444 4583 455 4593 .
502 4524 596 4594 ²2¹.
616 4526 773 4573 Parca
794 4525 915 4572 em’m
937 4542 1041 4575 eum
1073 4529 1241 4590 copia]
1297 4529 1426 4576 Raro
1458 4529 1636 4575 dictum
1703 4532 1806 4576 lites
1839 4532 1910 4576 sui
1933 4531 2106 4577 scirent
2130 4549 2144 4574 t
2162 4547 2238 4576 nm
2262 4531 2429 4589 quibus
2453 4547 2590 4577 arma
2612 4541 2902 4578 conterrent.

442 4596 667 4628 inventas.
738 4589 919 4633 Dicitur
940 4591 1067 4635 enim
1090 4593 1246 4653 cupiet.
1701 4593 1905 4639 Antores
1936 4602 2044 4639 sunt
2068 4594 2320 4640 Cornelius
2341 4593 2506 4651 Nepos
2529 4603 2580 4640 et
2599 4594 2904 4640 Plutarchus.

503 4642 570 4688 lb·
602 4644 662 4691 Et
678 4646 738 4694 ed
756 4648 997 4714 imnum]
1032 4653 1191 4715 Hujtn
1212 4653 1321 4700 libri
1342 4652 1475 4700 initio
1492 4667 1640 4698 unam
