3059 5050
1158 241 1432 312 LIBER.
1475 240 1588 311 lv,
2500 254 2576 314 61

191 408 327 458 tores
349 388 673 468 venditant,
702 404 764 453 et
789 391 904 475 ipsi
929 402 1175 475 propter
1217 395 1720 478 propinquitatem
1752 391 2004 455 Gallicis
2051 404 2188 456 sunt
2233 392 2499 459 moribus

187 475 496 541 assuefacti.
583 474 717 537 Hos
741 497 923 557 quum
963 477 1165 553 Suevi,
1196 478 1397 538 multis
1426 496 1586 560 saepe
1615 476 1782 539 bellis
1812 478 2062 560 experti,
2092 491 2337 561 propter
2372 500 2500 540 am·

185 560 518 644 plitudinem
548 561 1021 641 gravitatemque
1059 562 1336 636 civitatis»,
1388 562 1608 622 finibus
1653 561 1948 644 expellere
1989 583 2109 621 non
2157 564 2504 646 potuissent,

66 694 73 699 .
114 671 125 681 ’
180 658 361 705 tamen
390 643 715 724 vectigales
743 643 855 704 sibi
885 645 1166 721 fecerunt,
1211 664 1282 706 ac
1314 643 1503 706 multo
1530 645 1874 705 humiliores
1911 645 2384 726 infirmioresque
2413 666 2505 706 re-

178 727 478 808 degerunt.
2547 733 2585 790 5

256 810 361 872 IV.
404 808 481 871 In
509 809 718 873 eisdem
774 811 987 874 caussa
1029 811 1267 873 suerunt
1309 810 1590 894 Usipetes
1633 823 1692 873 et
1716 808 2102 888 Tenchtheri,
2147 830 2297 894 quos
2327 831 2508 895 supra

176 894 466 956 diximus:
512 895 615 975 qui
644 896 979 978 complures
1008 916 1197 970 annos
1226 895 1565 957 Suevorum
1590 896 1710 956 vim
1733 894 2158 972 sustinuerunt3
2203 894 2279 956 ad
2310 908 2506 957 extre·

180 996 328 1038 mum
360 991 562 1039 tamen
592 980 755 1059 agris
776 979 1030 1062 expulsi,
1058 991 1118 1040 et
1147 978 1345 1040 multis
1373 980 1521 1040 locis
1553 978 1898 1039 Germaniae
1941 979 2255 1040 triennium
2282 979 2506 1061 vagati,

175 1061 249 1123 ad
288 1059 574 1123 Rhenum
620 1075 1013 1144 pervenerunt
1038 1082 1053 1121 t
1098 1082 1246 1143 quas
1292 1064 1566 1142 regiones
1611 1061 1883 1143 Menapii
1937 1062 2294 1137 incolebant,
2326 1075 2390 1122 et·
2429 1062 2506 1124 ad

175 1156 486 1226 utramque
514 1146 707 1228 ripam
739 1146 998 1207 fluminis
1022 1165 1220 1225 agros,
1252 1146 1531 1221 aedificia,
1555 1147 1722 1207 vicos
1767 1165 1840 1206 ue
1868 1146 2201 1207 habebant:
2247 1144 2347 1206 sed
2379 1149 2591 1208 tan-10

171 1239 248 1289 tae
278 1220 687 1290 multitudinis*
700 1230 961 1291 adventu
1002 1230 1314 1311 perterriti,
1363 1251 1437 1290 ex
1484 1230 1575 1290 his
1606 1167 1765 1290 aedig

170 1310 519 1389 habuerant,
567 1314 1091 1393 demigraverunt:
1133 1327 1193 1373 et
1220 1313 1304 1373 cis
1350 1312 1655 1388 Rhenum,
1703 1313 1984 1412 depositis
2012 1312 2326 1397 praesidiis,
2360 1311 2511 1374 Ger-

170 1411 380 1457 manos
420 1397 672 1458 transire
711 1397 1130 1478 prohibebant.
1216 1395 1309 1457 Illi
1336 1398 1542 1457 omnia
1565 1410 1813 1478 experti,
1845 1416 2028 1478 quum
2061 1417 2253 1477 neque
2282 1397 2339 1457 vi
2366 1418 2512 1459 con-

168 1480 429 1555 tendere,
469 1494 715 1562 propter
741 1479 1007 1562 inopiam
1040 1480 1304 1555 navium,
1331 1501 1520 1561 neque
1549 1481 1703 1541 clam
1736 1481 2004 1555 transire,
2047 1494 2290 1562 propter
2314 1492 2512 1542 custo-

167 1562 296 1622 dias
328 1562 776 1646 Menapiorum,
802 1576 1078 1646 possent3
1122 1564 1333 1624 reverti
1370 1584 1430 1624 se
1453 1565 1514 1624 in
1547 1584 1682 1625 suas
1713 1565 1876 1625 sedes
1905 1564 2299 1645 regionesque
2328 1564 2590 1626 simu-15

160 1644 482 1709 laverunt:
526 1660 584 1708 et
611 1647 790 1708 tridui
820 1647 980 1707 viam
1001 1648 1320 1728 progressi,
1345 1666 1547 1706 rursus
1571 1659 1971 1722 reverterunt3
2002 1660 2179 1727 atque
2208 1647 2372 1708 omni
2396 1647 2513 1709 hoc

160 1728 384 1791 itinere
412 1730 533 1791 unii
560 1744 735 1791 nocte
762 1730 1029 1809 equitatu
1060 1729 1351 1804 confecto,
1396 1730 1616 1789 inscios
1660 1730 2153 1810 inopinantesque
2193 1728 2514 1811 Menapios

155 1827 633 1895 oppresserunt:
676 1812 781 1891 qui
808 1813 885 1871 de
915 1811 1354 1871 Germanorum
1385 1812 1645 1871 discessu
1675 1832 1781 1894 per
1803 1811 2210 1893 exploratores
2239 1813 2518 1874 certiores

157 1895 340 1970 facti,
376 1896 501 1956 sine
531 1908 688 1956 metu
721 1907 883 1955 trans
901 1893 1181 1956 Rhenum
1213 1894 1273 1954 in
1307 1914 1442 1954 suos
1461 1894 1629 1954 vicos
1649 1895 2136 1975 remigraverant.
2195 1893 2310 1956 His
2339 1897 2519 1956 inter-

150 1978 366 2054 sectiS,
398 1979 767 2059 navibusque
795 1997 999 2038 eorum
1050 1977 1376 2058 occupatiS,
1422 1978 1764 2058 priusquam
1796 1999 1869 2038 ea
1904 1998 2044 2059 pars
2071 1974 2602 2061 Menapiorum,20

148 2082 309 2144 quae
343 2062 498 2123 citra
520 2061 801 2123 Rhenum
825 2077 969 2135 erat,
995 2061 1210 2122 certior
1233 2060 1415 2136 fieret,
1443 2061 1660 2121 flumen
1693 2062 2079 2139 transierunt3
2123 2077 2301 2143 atque
2325 2063 2520 2124 omni-

154 2148 273 2208 bus
300 2166 515 2206 eorum
543 2144 814 2206 aedificiis
843 2144 1168 2226 occupatis,
1200 2159 1225 2190 Β
1256 2144 1546 2225 reliquam
1579 2156 1805 2226 partem
1837 2144 2046 2205 hiemis
2087 2166 2148 2206 se
2177 2166 2382 2208 eorum
2415 2164 2517 2209 co-

152 2229 276 2312 piis
311 2229 610 2291 aluerunt.

242 2312 330 2373 V.
384 2310 499 2374 His
517 2313 592 2374 de
622 2312 796 2373 rebus
817 2310 1031 2373 Caesar
1053 2312 1271 2373 certior
1298 2306 1506 2388 sactuS,
1531 2324 1590 2372 et
1626 2311 2027 2373 infirmitatem
2062 2311 2374 2375 Gallorum
2413 2332 2516 2377 ve-

151 2396 333 2472 ritus,
369 2396 533 2478 quod
564 2396 783 2457 suntin
800 2395 1063 2457 consiliis
1080 2395 1382 2478 capiendis
1407 2395 1674 2471 mobiles,
1699 2408 1758 2456 et
1779 2396 1950 2456 novis
1973 2396 2320 2479 plerumque
2340 2401 2595 2461 rebus25

152 2474 430 2558 student,
461 2479 608 2542 nihil
638 2479 728 2541 his
751 2479 1235 2541 committendum
1274 2478 1652 2541 existimavit.
1738 2477 1852 2540 Est
1881 2492 2075 2541 autem
2106 2481 2220 2543 hoc
2253 2479 2511 2546 Gallicae

153 2565 641 2640 consuetudinis,
685 2577 753 2625 ut
793 2576 851 2624 et
877 2563 1135 2624 viatores
1163 2565 1341 2625 etiam
1370 2564 1587 2624 invitos
1614 2563 1932 2624 consistere
1953 2578 2219 2646 cogant:
2264 2581 2321 2628 et
2348 2568 2513 2649 quod

154 2652 427 2730 quisque
455 2669 661 2710 eorum
685 2648 759 2709 de
787 2647 1021 2728 quaque
1046 2668 1109 2708 re
1132 2647 1384 2709 audierit
1412 2660 1515 2709 aut
1539 2648 1907 2728 cognoverit,
1938 2665 2241 2730 quoerant:
2270 2663 2328 2712 et
2356 2671 2511 2714 mer-

150 2748 411 2796 catores
441 2733 502 2793 in
545 2732 780 2814 oppidis
821 2731 1036 2812 vulgus
1059 2731 1469 2807 circumsistat,
1515 2732 1728 2812 quibus
1752 2749 1828 2792 ex
1874 2733 2218 2814 regionibus
2247 2736 2510 2813 veniant,

148 2838 447 2899 quasque
473 2837 566 2878 res
594 2816 678 2877 ibi
707 2815 1114 2896 cognoverint,
1141 2816 1524 2897 pronuntiare
1544 2829 1802 2894 cogant:
1846 2815 1940 2876 his
1966 2817 2303 2878 rumoribus
2333 2821 2594 2899 atque30

148 2901 586 2966 auditionibus
613 2900 885 2983 permoti,
929 2900 1002 2962 de
1039 2900 1280 2960 summis
1310 2919 1469 2980 saepe
1498 2900 1674 2958 rebus
1702 2898 1952 2959 consilia
1979 2899 2211 2961 ineunt:
2257 2921 2510 2982 quorum

144 3006 258 3046 eos
286 2987 327 3046 ὲ
355 2984 622 3065 vestigio
639 2984 925 3066 poenitere
949 3001 1186 3043 necesse
1208 2995 1312 3057 est,
1338 2984 1366 3022 b
1396 3001 1578 3063 quum
1606 2980 1842 3042 incertis
1867 2982 2202 3043 rumoribus
2229 2984 2507 3061 serviant,

148 3083 210 3130 et
284 3069 535 3149 letique
563 3068 640 3128 ad
668 3066 1029 3141 voluntatem
1059 3087 1265 3127 eorum
1296 3066 1436 3125 ficta
1470 3064 1884 3145 respondeant.

304 3152 366 3214 1.
425 3149 567 3232 Qui»,
588 3142 1009 3211 consuetudine
1032 3149 1293 3231 cognita,
1326 3147 1557 3221 Caesar,
1583 3167 1658 3208 ne
1680 3146 1943 3228 graviori
1971 3145 2131 3209 bello
2153 3160 2508 3226 occurreret,

148 3236 471 3299 maturius
501 3234 678 3315 quam
708 3245 1110 3309 consueverat,
1143 3234 1220 3294 ad
1242 3233 1570 3294 exercitum
1599 3231 2010 3314 proficiscitur.
2067 3229 2166 3293 Εὸ
2197 3251 2379 3312 quum
2409 3236 2592 3297 ve·35

145 3320 371 3397 nisset,
407 3340 504 3394 ea,
535 3339 672 3399 quae
694 3317 821 3378 fieri
852 3318 1179 3399 suspicatus
1221 3329 1364 3392 erat,
1397 3315 1554 3376 sacta
1582 3314 1901 3396 cognovit:
1945 3315 2153 3380 missas
2182 3314 2509 3396 legationes

145 3403 188 3465 ἰι
216 3402 551 3466 nonnullis
590 3402 924 3462 civitatibus
953 3401 1031 3461 ad
1078 3399 1429 3474 Germnnm,
1473 3398 1750 3461 invitatos
1790 3419 1866 3460 ue
1907 3420 2009 3460 eos
2052 3399 2136 3460 uti
2167 3399 2244 3461 ab
2290 3398 2509 3464 Rheno

140 3487 571 3561 discederent,
597 3484 913 3565 omniaque
943 3506 1079 3564 quae
1107 3484 1500 3567 postulassent
1528 3484 1605 3545 ab
1650 3503 1710 3544 se
1752 3420 1878 3544 pore
1953 3496 2148 3566 arata.
2234 3481 2376 3564 Qua
2406 3506 2511 3567 spe

139 3570 425 3634 adducti
453 3568 738 3631 Germani
766 3568 1087 3647 latiusjam
1118 3568 1511 3647 vagabantur,
1539 3566 1684 3628 etin
1712 3566 1857 3628 fines
1941 3568 2235 3628 bui-onum
2258 3580 2320 3628 et
2340 3565 2509 3629 Con-

138 3654 519 3728 drusorum,
571 3653 674 3734 qui
716 3665 850 3713 sunt
893 3649 1282 3713 Trevirorum
1330 3651 1589 3725 clientes,
1631 3655 2037 3733 pervenerant.
2121 3648 2592 3733 Principibus40

134 3736 403 3799 Galliae
433 3736 714 3812 evocatiS,
744 3733 957 3798 Caesar
983 3757 1057 3796 ea
1086 3757 1222 3816 quae
1252 3747 1635 3815 cognoverat,
1681 3733 2109 3796 dissimulanda
2151 3732 2262 3795 sibi
2305 3734 2509 3796 existi-

134 3823 363 3884 ma’vit
382 3843 404 3881 τ
449 3841 771 3902 eorumque
801 3819 1012 3881 animis
1039 3818 1349 3919 permulsis
1377 3831 1436 3879 et
1471 3817 1856 3893 confirmatis,
1899 3819 2283 3899 equitatuque
2323 3815 2510 3901 impe-

56 3919 73 3934 *
128 3919 320 3982 rato,
360 3903 583 3966 bellum
611 3926 749 3966 cum
774 3902 1091 3965 Germanis
1120 3915 1327 3984 gerere
1352 3902 1674 3964 constituit.

200 4083 243 4115 a
281 4063 1545 4131 Vnctitmnnaoerumcibariisperreliqaumkicm.
1606 4065 2534 4115 hominumn-aihum

199 4222 292 4268 16.
336 4218 956 4269 Maean-mnan
988 4220 1359 4282 regtonesqueei·
1417 4218 2112 4266 belliusPollioinGallienis:
2152 4213 2594 4266 &unianimam

118 4281 504 4341 minuma
537 4282 718 4329 Eodem
750 4291 1088 4342 stratagemate
1110 4282 1263 4329 Greci
1284 4281 1359 4328 nsi
1418 4295 1507 4328 esse
1529 4280 1654 4328 leves.
1715 4280 1945 4339 Vopiscus
1967 4276 2078 4325 verb
2098 4278 2146 4324 in
2170 4276 2442 4334 Satunssno,
2480 4292 2592 4340 gen·

114 4347 277 4403 :pud
306 4343 537 4416 'fs-qiam,
553 4345 593 4389 si
618 4344 813 4404 Virgilio
833 4344 1100 4400 eredimus3
1132 4345 1353 4390 redii-ese
1414 4351 1509 4389 tem
1525 4355 1630 4388 esse
1651 4342 2035 4400 inquietissimam
2058 4340 2137 4385 ait.
2163 4401 2180 4404 „
2275 4395 2280 4406 fl

115 4407 364 4453 donnum
390 4406 744 4461 annulavertmt,
766 4413 872 4450 voto
900 4405 1043 4452 etiam
1074 4419 1163 4462 pro
1199 4405 1352 4450 reditu
1473 4405 1551 4450 ³9.
1597 4404 1654 4450 In
1678 4401 1803 4464 fines
1836 4403 2104 4451 Eburonum
2137 4402 2178 4445 el
2217 4395 2592 4466 Continuus-mm]

116 4467 411 4521 amiato,
431 4468 603 4514 deinde
617 4467 790 4512 inscios
804 4467 1106 4524 incautosque
1119 4466 1353 4527 Trojanos
1415 4466 1491 4511 De
1512 4463 1811 4510 Eburonibus
1846 4472 1895 4510 et
1932 4459 2191 4508 Condi-usis
2228 4460 2403 4507 dictum
2435 4476 2592 4521 supra.

107 4538 523 4588 oppresserunt.
1414 4527 1521 4574 Hoc
1536 4528 1597 4572 de
1605 4523 1863 4570 Condi-usis
1881 4525 2071 4580 addam,
2088 4522 2136 4567 in
2153 4521 2452 4571 Leodieensis
2466 4525 2592 4574 urbis

178 4591 285 4640 85.
314 4590 450 4639 Sum
467 4589 523 4638 in
541 4587 1217 4653 mutuatim]
1240 4588 1354 4637 Tre·
1415 4587 1636 4693 Εὲοὲοεὶι
1654 4599 1758 4636 esse
1779 4582 2174 4636 Archidiaconum
2189 4584 2250 4633 de
2272 4583 2550 4636 Condi-unio.

1769 1230 1896 1305 ciis,
1941 1249 2080 1311 quae
2105 1242 2266 1289 trans
2292 1229 2508 1291 flumen
2553 1300 2564 1312 ο
2633 1232 2649 1245 “
