3059 5050
887 258 1014 325 DE
1058 255 1365 323 BELLO
1409 256 1760 323 HISPAN.
1800 257 2098 363 LIBER.

2602 271 2724 332 385

244 414 424 499 quod
448 409 742 495 oppidum
768 410 942 509 {best
972 409 1009 471 a
1039 407 1337 471 Corduba
1368 409 1556 470 millia
1585 429 1867 493 passuum
1895 430 2081 472 cnxx.
2171 407 2315 493 Quo
2345 433 2530 494 quum
2562 416 2642 477 ad

241 517 538 563 octavum
574 490 920 558 millianam
969 495 1246 571 venisset,
1295 493 1371 556 P.
1405 493 1728 571 CalvitiuS,
1760 495 1862 577 qui
1893 496 2102 557 castris
2133 498 2308 558 an‘tea
2356 497 2640 584 Pompeii

236 584 620 668 praepositus
644 594 818 657 esset,
848 582 977 662 ejus
1000 580 1197 641 verbis
1229 581 1503 641 nuntium
1536 580 1733 656 mittit,
1759 601 1944 661 quum
1971 581 2167 643 minus
2192 581 2349 644 belle
2376 585 2641 663 haberet,

237 683 322 731 ut
354 669 613 731 mitteret
657 667 958 743 lecticam,
991 665 1111 747 qua
1140 665 1199 726 in
1231 666 1525 748 oppidum
1575 665 1791 728 deferri
1822 678 2042 748 posset.
2135 666 2379 730 Litteris
2427 671 2639 747 missis,

235 752 593 839 Pompeius
640 752 953 815 Carteiam
986 749 1265 812 defertur.
1357 748 1483 830 Qui
1533 749 1769 812 illarum
1818 751 2080 833 partium
2117 750 2379 814 fautores
2426 772 2638 833 essent,
2685 760 2724 817 5

241 851 630 902 conveniunt
659 840 720 899 in
752 838 1020 911 domum,
1052 856 1174 916 quo
1202 848 1334 897 erat
1361 833 1634 897 delatus:

1679 835 1782 917 qui
1831 836 2102 898 arbitrati
2134 851 2271 898 sunt
2298 837 2641 903 clanculum

243 926 513 1001 venisse,
566 937 628 986 ut
658 924 736 985 ab
767 943 861 998 eo,
910 942 1049 1002 quae
1081 919 1318 996 vellent,
1350 918 1606 982 debello
1630 920 2004 1004 requirerent
2069 920 2274 1002 Quum
2306 922 2642 1007 frequentia

247 1012 658 1085 convenisset,
689 1009 766 1070 de
796 1006 1009 1068 lectica
1038 1004 1370 1103 Pompeius
1399 1026 1609 1067 eorum
1641 1006 1704 1067 in
1729 1006 1910 1067 fidem
1942 1006 2234 1089 confugit.

345 1092 658 1157 XXXfll.
693 1092 909 1155 Caesar
938 1111 1013 1153 ex
1042 1090 1261 1173 proeho
1288 1090 1620 1151 munitione
1644 1090 2038 1168 circumdata,
2067 1091 2422 1155 Cordubam
2451 1096 2640 1158 venit:

251 1180 365 1262 qui
411 1201 487 1241 ex
536 1179 705 1241 caede
734 1198 809 1239 eo
846 1176 1214 1258 refugerant,
1259 1190 1505 1259 pontem
1554 1190 2025 1259 occupaverunt.
2115 1177 2323 1260 Quum
2371 1201 2444 1241 eo
2491 1187 2728 1244 essetlss

246 1279 522 1339 ventum,
554 1262 874 1325 convitiari
899 1274 1235 1344 coeperunt,
1256 1263 1372 1322 'nos
1397 1282 1474 1322 ex
1500 1260 1720 1344 proelio
1744 1282 1973 1344 paucos
1999 1282 2323 1345 superesse,
2349 1287 2472 1346 quo
2496 1288 2644 1329 con-

245 1348 648 1429 fugeremus?
708 1347 804 1410 Ita
850 1368 1125 1430 pugnare
1168 1360 1485 1429 coeperunt
1514 1347 1590 1407 de
1621 1360 1825 1430 ponte.

1916 1345 2133 1409 Caesar
2180 1348 2398 1411 flumen
2448 1366 2644 1413 trans·-

225 1435 414 1515 jecit,
445 1448 506 1496 et
532 1447 737 1496 castra
766 1434 985 1516 posuit.
1062 1431 1333 1514 Scapula
1363 1445 1390 1475 ³
1424 1431 1603 1492 totius
1633 1431 1944 1493 seditionis
1973 1432 2221 1494 saminae
2245 1448 2304 1495 et
2335 1435 2645 1498 libertino-

242 1541 388 1581 rum
422 1534 628 1603 caput,
658 1540 737 1580 ex
770 1517 987 1601 proelio
1020 1516 1377 1579 Cordubam
1427 1538 1611 1598 quum
1646 1518 1921 1593 venisset,
1971 1517 2262 1580 familiam
2292 1534 2353 1581 et
2398 1520 2642 1585 libertos

243 1606 644 1666 convocavit.
713 1603 944 1686 Pyram
977 1603 1089 1664 sibi
1120 1603 1409 1676 extruxit,
1440 1623 1678 1663 coenam
1711 1601 1911 1663 afferri
1943 1625 2122 1684 quam
2155 1605 2421 1687 opimam
2456 1607 2726 1690 impe-15

249 1693 436 1767 ravit,
470 1690 609 1751 item
646 1689 886 1773 optimis
917 1688 1362 1750 insternendam
1395 1688 1783 1750 vestimenti&

1389 1771 1530 1856 Ipse
1584 1773 1659 1835 de
1709 1788 1977 1856 tempore
2023 1777 2327 1853 coenavit;
2386 1779 2642 1840 resinam

251 1775 323 1837 in
374 1775 695 1858 praesentia
735 1774 983 1835 familiae
1029 1773 1299 1835 donavit.

250 1878 319 1923 et
356 1862 612 1923 nardum
662 1860 983 1923 identidem
1034 1860 1147 1920 sibi
1197 1858 1477 1921 infundit.

1870 1687 2204 1750 Pecuniam
2237 1704 2296 1751 et
2326 1709 2643 1771 argeutum

1569 1857 1666 1920 Ita
1716 1858 2043 1920 novissimo
2093 1873 2362 1943 tempore
2409 1884 2642 1925 servum

235 1947 448 2028 jussit,
479 1961 539 2008 et
586 1946 885 2022 libertum,
917 1947 1019 2027 qui
1068 1944 1275 2017 suisset
1320 1945 1448 2026 ejus
1490 1943 1887 2021 concubinus,
1938 1943 2189 2006 alterum
2239 1967 2301 2007 se
2334 1948 2642 2029 jugulare,

254 2032 512 2094 alterum
545 2053 762 2114 pyram
801 2031 1137 2092 incendere.

2645 2038 2729 2096 20

343 2115 652 2179 XXXIV.
715 2116 1028 2200 Oppidani
1079 2130 1300 2191 autem,
1348 2114 1525 2176 simul
1578 2112 1797 2176 Caesar
1843 2131 2042 2177 castra
2088 2131 2303 2178 contra
2349 2119 2642 2201 oppidum

247 2204 476 2286 posuit,
509 2203 859 2264 discordare
882 2217 1198 2284 coeperunt
1230 2223 1417 2282 usque
1459 2222 1554 2276 ee,
1587 2213 1653 2262 ut
1688 2199 1919 2262 clamor
1951 2202 2010 2261 in
2042 2216 2240 2265 castra
2271 2219 2473 2265 nostra
2507 2227 2644 2286 per-

250 2290 502 2365 veniret,
555 2288 683 2351 fere
736 2288 890 2349 inter
943 2285 1353 2363 CaesarianOS,
1412 2300 1472 2348 et
1528 2286 1684 2348 inter
1750 2283 2182 2369 Pompeianos

2294 2286 2492 2350 Erant
2546 2290 2643 2351 hic

248 2373 525 2455 legiones
556 2395 697 2456 quae
743 2394 821 2433 ex
869 2371 1136 2455 perfugis
1167 2373 1552 2454 conscriptae,
1586 2372 1804 2454 partim
1850 2373 2297 2454 oppidanorum
2332 2378 2505 2449 servi,
2538 2375 2641 2457 qui

249 2474 429 2522 erant
458 2461 496 2521 a.
525 2460 672 2522 Sex.
704 2456 1004 2542 Pompeio
1032 2458 1399 2535 manumissi,
1434 2458 1461 2499 b
1490 2472 1634 2519 tunc
1661 2458 1722 2518 in
1751 2456 2019 2518 Caesaris
2045 2459 2367 2521 adventum
2394 2460 2725 2525 descen-25

251 2546 400 2608 dere
428 2560 759 2629 coeperunt.
851 2543 1050 2625 Legio
1081 2566 1224 2606 xm.
1274 2545 1566 2626 oppidum
1614 2542 1935 2606 defendere
1982 2546 2204 2626 coepit:
2266 2566 2404 2607 nam
2455 2569 2641 2626 quum

231 2632 377 2714 jam
411 2644 837 2714 repugnarent,
866 2643 1054 2692 turres
1079 2652 1155 2690 ex
1189 2643 1358 2712 parte
1381 2643 1441 2691 et
1472 2650 1708 2691 murum
1737 2644 2133 2711 occuparunt.

207 2751 217 2756 -
248 2733 347 2779 tos
379 2717 459 2779 ad
490 2715 802 2778 Caesarem
836 2715 1096 2791 mittunt,
1129 2730 1193 2776 ut
1223 2715 1336 2775 sibi
1367 2715 1638 2797 legiones
1668 2715 1936 2777 subsidio
1965 2715 2405 2780 intromitteret.

2226 2629 2448 2693 Denuo
2474 2633 2641 2711 lega-

2496 2709 2638 2782 Hoc

244 2823 453 2885 quum.
489 2803 1035 2864 animadverterent
1084 2801 1357 2862 homines
1409 2800 1669 2882 fugitivi,
1720 2801 2012 2883 oppidum
2068 2801 2390 2865 incendere
2436 2825 2640 2886 coepe·

245 2902 429 2950 runt:
475 2889 579 2970 qui
604 2888 867 2970 superati
899 2887 936 2948 ὁ,
967 2886 1204 2962 nostriS,
1237 2899 1376 2947 sunt
1403 2885 1696 2947 interfecti
1730 2885 2043 2946 homiuum
2069 2886 2259 2948 millia
2291 2909 2447 2950 xxn.
2479 2894 2726 2970 prae-30

243 2986 529 3055 terquam
582 2987 757 3034 extra
810 2991 1045 3032 murum
1101 2972 1204 3051 qui
1259 2970 1583 3054 perierunt.

1689 2966 1787 3030 Ita
1841 2968 2060 3031 Caesar
2112 2972 2342 3053 oppido
2396 2973 2639 3054 potitus.
2737 2995 2742 3006 ·

144 3104 149 3108 ·
246 3057 422 3121 Dum
472 3056 569 3121 hic
618 3056 916 3119 detinetur
944 3077 1020 3118 ex
1052 3055 1293 3139 proeli0,
1340 3076 1492 3137 quos
1540 3054 2037 3115 circummunitos
2084 3057 2356 3138 superius
2386 3058 2638 3119 demon-

247 3143 595 3219 stravimuS‚
626 3143 997 3226 eruptionem
1030 3141 1319 3217 fecerunt,
1350 3154 1410 3201 et
1457 3140 1609 3202 bene
1648 3138 1849 3200 multis
1879 3139 2222 3217 intersectis,
2252 3140 2315 3201 in
2346 3141 2640 3225 oppidum

248 3242 392 3291 sunt
421 3227 695 3291 redactis

314 3347 347 3380 a
370 3332 464 3393 Qui
482 3333 786 3381 wneitoeoemt
806 3346 953 3380 servos
972 3335 1015 3380 et
1035 3329 1287 3381 libertinos.

245 3410 303 3445 se
325 3395 552 3443 dedituri.

306 3500 354 3547 4.
382 3499 439 3546 Ue
454 3499 654 3546 nullent
676 3497 919 3562 [edicam]
968 3500 1075 3546 Non
1099 3508 1171 3545 est
1193 3499 1270 3544 hie
1292 3498 1456 3545 Nomi·

242 3562 434 3609 nativus
457 3562 589 3608 verbi
614 3563 743 3621 quod
765 3561 873 3608 huic
897 3562 1120 3619 scriptori
1141 3562 1348 3615 solitum,
1367 3576 1454 3619 pro

242 3625 500 3672 mitteretur
521 3624 696 3680 lectica,
715 3626 916 3670 subaud.
933 3625 966 3670 ὰ
988 3623 1284 3686 Pompeianis
1300 3623 1381 3684 qui
1401 3622 1452 3670 in

243 3688 358 3734 urbe
396 3691 542 3734 amit.
608 3687 705 3733 Sed
736 3687 904 3733 melius
943 3694 1033 3742 est,
1068 3688 1109 3733 si
1143 3701 1206 3732 ex
1227 3687 1319 3732 fide
1344 3686 1449 3732 MS.

243 3749 434 3797 Thuani
452 3759 712 3809 reponatur
734 3749 981 3796 mitterent.

304 3815 350 3859 5.
378 3811 469 3871 Qui
485 3811 679 3860 illarum
694 3810 902 3874 partium
914 3811 1129 3874 feruores
1144 3811 1319 3872 ennena]
1346 3811 1451 3857 Ma-

1424 3333 1457 3379 b
1487 3329 1620 3378 Tum·
1638 3328 1794 3378 venire
1816 3333 2048 3392 oeperunt
2068 3328 2133 3378 aa
2158 3329 2385 3380 cmm
2407 3331 2727 3383 advenarum

1586 3500 1658 3546 15.
1673 3499 1864 3546 Coenam
1878 3496 2043 3559 afferri
2062 3512 2203 3560 quam
2222 3513 2424 3606 {pimeni
2441 3499 2723 3572 imperavit]

1520 3561 1838 3619 Manuscripti
1873 3561 1970 3606 duo
2003 3562 2190 3606 codices
2266 3562 2431 3618 huani,
2453 3563 2725 3612 Victorinus

1516 3639 1656 3679 unus,
1678 3635 1726 3669 et
1749 3630 2049 3682 pervetustus
2073 3623 2329 3681 impressus
2353 3626 2549 3683 habent,
2573 3628 2726 3685 Quem}

1514 3685 1759 3748 optinum,
1781 3699 1926 3744 quam
1950 3684 2200 3732 lectionem
2224 3687 2467 3732 meliorem
2490 3703 2593 3734 esse
2615 3704 2723 3748 pro·

1515 3750 1600 3795 bat
1622 3749 1751 3807 quod
1768 3748 1980 3806 sequitur
2001 3750 2108 3794 item·
2185 3746 2319 3793 timis.

1584 3812 1655 3858 17.
1701 3808 1918 3857 Resinam
1954 3815 1996 3856 e!
2033 3824 2124 3856 nar
2161 3825 2234 3855 um
2259 3807 2511 3858 identidem
2532 3811 2619 3859 sibi
2653 3812 2724 3860 in·

241 3875 475 3934 nuscripti
500 3875 638 3934 Regii
661 3875 757 3920 duo
778 3884 827 3920 et
846 3873 1116 3920 Victorinus
1132 3887 1254 3918 unus
1270 3874 1451 3920 habent
1501 3870 1714 3933 fundit]
1762 3871 2081 3932 Manuscripti
2117 3871 2252 3932 Regii
2276 3874 2372 3919 duo
2395 3874 2600 3931 codices,
2619 3875 2724 3921 vic-

239 3942 392 3993 eram,
416 3952 520 3997 quae
545 3936 734 3994 planior
749 3936 906 3983 lectio.

302 4003 349 4047 9.
381 3998 646 4047 Munitioue
668 3997 987 4058 circumdala]
1041 3997 1220 4056 Supple
1241 3996 1448 4045 Munda.

308 4064 381 4109 11.
409 4060 671 4109 Convitiari
685 4068 933 4122 emper-uns,
952 4060 1063 4121 δια]
1090 4061 1147 4106 Ut
1162 4060 1303 4106 fidem
1322 4061 1450 4108 sace-

242 4134 347 4173 rent
370 4123 539 4170 incolis
554 4139 607 4170 se
631 4138 727 4169 non
745 4138 850 4169 esse
868 4124 1035 4179 victos,
1052 4124 1137 4170 sed
1160 4123 1378 4169 victores.

308 4188 379 4234 12.
409 4185 755 4247 Coesarflumeu
780 4185 1052 4249 transjecit]
1106 4185 1291 4243 Boetim,
1308 4185 1337 4233 a
1358 4199 1452 4243 quo

246 4264 341 4295 non
363 4258 432 4295 est
456 4248 625 4295 dissita
643 4248 889 4295 Corduba.

309 4313 380 4358 13.
415 4310 657 4373 Scapula]
713 4310 769 4358 T.
793 4309 969 4363 Quintii
994 4309 1213 4368 scapula
1234 4319 1287 4357 ut
1306 4309 1452 4356 totius

246 4373 353 4420 belli
391 4373 698 4420 concitatoris
728 4373 959 4421 *meminit
996 4373 1169 4420 Cicero
1207 4372 1451 4431 epistolar.

244 4438 323 4484 lib.
363 4450 427 4484 ιι.
451 4438 514 4483 ad
555 4435 878 4492 Dolabellam,
909 4436 1022 4481 item
1056 4433 1168 4491 Dio,
1197 4433 1279 4482 lib.
1313 4448 1453 4484 xun.

242 4499 289 4546 Is
311 4500 498 4546 videtur
520 4513 626 4546 esse
648 4499 730 4558 qui
753 4506 923 4545 contra
939 4496 1161 4543 Cassium
1180 4496 1451 4557 Longinum

240 4561 491 4621 Hispanise
515 4572 752 4608 rectorem
774 4560 1131 4622 conjuraverat,
1153 4569 1203 4606 ut
1237 4568 1368 4618 patet
1390 4574 1452 4605 ex

242 4623 319 4671 lib.
341 4626 403 4671 de
437 4623 563 4671 bello
588 4622 936 4679 Alexandrino,
959 4623 1039 4682 qui
1072 4630 1326 4680 propterea
1349 4622 1453 4668 Cte-

244 4689 361 4736 saris
377 4688 501 4736 iram
518 4688 714 4744 veritus,
736 4694 890 4735 totum
911 4687 1004 4734 hoc
1020 4684 1196 4734 bellum
1212 4684 1453 4734 excitavit.

1513 3936 1698 3980 torinna
1715 3949 1853 3990 unus,
1876 3942 1921 3980 et
1944 3943 2242 3992 pervetustus
2265 3934 2522 3994 impressus
2546 3937 2722 3986 habent

1515 4010 1604 4055 pro
1624 3995 1797 4053 resina,
1823 3996 1999 4053 amum,
2021 3996 2146 4055 quod
2176 3996 2358 4044 melius.
2424 3997 2620 4054 Plinius,
2641 3998 2722 4047 lib.

1517 4074 1618 4106 xiv.
1656 4059 1802 4105 refert
1839 4060 1948 4105 vina
1992 4058 2261 4105 austeriora
2299 4059 2346 4105 in
2387 4059 2545 4117 aliqu&
2582 4070 2722 4121 parte

1516 4122 1666 4169 Italiae
1690 4121 1908 4182 mitigata
1937 4136 2042 4168 esse
2073 4121 2247 4168 resina.
2313 4121 2479 4168 Nardo
2502 4123 2612 4168 verb
2646 4122 2721 4170 vel

1515 4184 1676 4231 vinum
1699 4184 1773 4230 vel
1796 4194 2089 4244 unguentum
2113 4183 2402 4230 medicatum
2423 4197 2526 4231 esse
2549 4184 2718 4232 intelli·

1513 4249 1725 4307 gendum
1747 4253 1833 4294 est.
1898 4246 2069 4293 Horat.

1698 4396 1826 4408 --
1846 4370 2000 4418 Νατάί
2016 4383 2190 4433 parvus
2208 4382 2337 4430 onya:

1707 4433 1873 4483 Elicio:
1897 4432 2208 4481 cadum.—

1576 4558 1655 4606 27.
1697 4558 1868 4608 Denuo
1906 4557 2084 4620 legatos
2121 4553 2187 4603 ud
2227 4554 2455 4606 Caesarem
2489 4557 2716 4622 mistum]

1516 4620 1776 4681 Oppidani.

2598 4707 2648 4756 k
