3059 5050
1214 262 1491 328 LIBER
1533 262 1614 328 V.
1633 254 1639 258 ¹

2356 200 2376 258 s
2558 270 2631 333 m

203 420 297 471 tur
325 420 553 472 scutum
582 405 873 487 Pulfioni,
902 422 961 472 et
986 424 1263 474 verutum
1285 408 1355 474 'in
1379 411 1580 473 balteo
1607 409 1912 492 defigitur.
1998 411 2237 474 Avertit
2259 410 2355 475 bic
2385 434 2558 477 casus

203 494 504 572 vaginam,
530 506 589 554 et
611 493 880 573 gladium
912 496 1167 557 educere
1203 497 1477 558 conantis
1504 497 1781 557 dextram
1829 507 2101 556 moratur
2137 517 2402 574 manum,
2449 499 2558 561 im-

273 578 584 658 ditumque
615 579 811 639 hostes
840 580 1298 642 circumsistunt.
1387 580 1703 641 Succurrit
1730 579 2006 640 inimicus
2035 579 2122 640 illi
2161 580 2458 657 Varenus,
2500 596 2559 643 et

340 660 494 722 rami
522 663 815 724 subvenit.
898 664 1000 725 Ad
1029 664 1190 726 hunc
1237 685 1299 725 se
1345 664 1658 729 confestim
1705 665 1744 725 a
1788 662 2068 725 Pulfione
2113 665 2311 726 omnis
2353 666 2554 728 multi-

196 744 344 805 tudo
373 745 687 806 convertit.
774 746 950 808 Illum
996 760 1207 809 veruto
1255 748 1610 809 transfixum
1650 748 2031 809 arbitrantur.
2118 746 2252 809 Illic
2280 750 2425 811 vero
2457 771 2559 812 oc—
2601 750 2640 812 5

193 842 398 890 cursat
428 829 595 891 ocius
625 829 854 910 gladio,
885 831 1274 913 cominusque
1304 853 1429 895 rem
1460 832 1619 913 gerit
1655 831 1969 909 Varenus3
2014 845 2193 913 atque
2221 853 2345 894 uno
2377 834 2561 896 inter-

190 913 371 988 fecto,
403 913 665 995 reliquos
692 916 961 997 paullum
982 917 1280 1000 propellit.
1340 915 1506 978 Dum
1537 917 1817 1000 cupidius
1853 917 2054 993 instat,
2085 918 2146 978 iu
2178 916 2377 978 locum
2411 918 2561 979 infe·-

190 997 416 1058 riorem
465 998 731 1079 dejectus
788 1001 1073 1062 concidit.
1159 999 1323 1062 Huic
1377 1020 1581 1062 rursus
1618 1002 2032 1063 circumvento
2075 1000 2188 1063 sert
2229 1001 2556 1063 subsidium

186 1079 430 1142 Pulfio:
478 1096 659 1180 atque
687 1086 868 1146 ambo
895 1085 1247 1162 incolumes,
1296 1085 1708 1168 compluribus
1754 1084 2095 1162 interfectis,
2144 1085 2377 1151 summ&
2416 1105 2554 1147 cum

187 1164 371 1228 laude
400 1187 529 1229 sese
559 1181 714 1230 intra
760 1169 1121 1232 munitiones
1162 1170 1474 1252 recipiunt.
1565 1168 1671 1232 Sic
1701 1169 1942 1232 fortuna
1979 1169 2039 1230 in
2070 1170 2469 1246 contentione,
2499 1173 2640 1232 et10

184 1265 495 1312 certamen
519 1264 835 1334 utrumque
863 1255 1143 1330 versavit,
1195 1266 1258 1315 ut
1292 1254 1443 1315 alter
1486 1253 1657 1316 alteri
1700 1254 1976 1316 inimicus
2005 1253 2234 1315 auxilio
2263 1254 2558 1336 salutique

182 1348 361 1410 esset,
395 1356 588 1418 neque
616 1338 936 1419 dijudicari
962 1351 1181 1421 posset,
1206 1351 1337 1400 uter
1359 1339 1476 1400 utri
1499 1340 1720 1401 virmte
1747 1337 2162 1401 anteferendus
2189 1338 2510 1400 videretur.

267 1417 513 1481 XLIV.
560 1421 808 1503 Quanto
839 1437 969 1484 erat
993 1424 1054 1484 in
1085 1424 1212 1485 dies
1258 1424 1504 1504 gravior
1553 1436 1730 1506 atque
1759 1423 2028 1506 asperior
2056 1423 2453 1506 oppugnatio,
2495 1436 2558 1485 et

182 1504 459 1565 maxime
490 1506 674 1586 quod,
704 1507 929 1589 magna
956 1521 1130 1590 parte
1159 1508 1414 1570 militum
1455 1508 1732 1571 confecta
1758 1507 2124 1583 vulneribuS,
2154 1528 2248 1569 res
2291 1508 2368 1569 ad
2399 1528 2552 1592 pau-

180 1587 433 1650 citatem
464 1590 840 1671 defensorum
865 1606 1249 1675 perveneratz
1293 1594 1461 1655 tanto
1505 1593 1838 1656 crebriores
1874 1592 2090 1654 litterae
2134 1592 2449 1673 nuntiique
2474 1592 2637 1655 acus

180 1670 507 1735 Caesarem
537 1675 952 1753 mittebantur3
997 1697 1252 1758 quorum
1282 1698 1427 1758 pars
1453 1679 1529 1739 de
1573 1677 1846 1752 rehensa,
1872 1677 1935 1738 in
1962 1690 2291 1758 conspectu
2316 1691 2556 1739 nostro-

177 1775 319 1818 rum
349 1758 606 1819 militum
629 1779 769 1820 cum
799 1762 1071 1820 cruciatu
1100 1761 1447 1821 necabatur.

1570 1772 1664 1820 rat
1679 1781 1834 1821 unus
1851 1761 2008 1822 intus
2027 1757 2289 1822 Nervius
2312 1761 2556 1823 nomine

178 1837 463 1916 Vertico,
487 1842 628 1901 loco
653 1856 828 1903 uatus
866 1845 1136 1917 honesto,
1166 1843 1269 1923 qui
1299 1844 1337 1904 a
1363 1843 1561 1924 primii
1588 1840 1901 1904 obsidione
1930 1844 2008 1905 ad
2029 1841 2391 1906 Ciceronem
2416 1863 2557 1926 pro-

174 1923 453 2004 fugerat,
474 1945 764 2006 suamque
786 1926 840 1986 ei
868 1926 1046 1987 fidem
1078 1926 1455 2009 praestiterat.
1515 1924 1682 1987 Huic
1707 1947 1901 2003 servo,
1924 1947 1954 1986 s
2049 1925 2360 2002 libertatis,
2385 1947 2558 2008 mag*-

174 2006 408 2088 nisque
430 2009 747 2091 persuadet
773 2009 1060 2092 proemiis,
1084 2024 1147 2072 ut
1175 2009 1401 2072 litteras
1418 2011 1497 2072 ad
1527 2009 1849 2076 Caesarem
1871 2012 1913 2072 d
1969 2024 2116 2072 erat.
2203 2009 2338 2072 Has
2364 2009 2468 2072 ille
2494 2011 2639 2072 inm

161 2091 395 2172 jaculo
419 2091 683 2173 illigatas
714 2093 902 2169 affert,
935 2106 995 2155 et
1025 2093 1238 2155 Gallus
1269 2095 1421 2156 inter
1446 2093 1659 2156 Gallos
1682 2095 1812 2156 sine
1840 2095 1966 2157 ulla
1993 2094 2333 2178 suspicione
2359 2114 2560 2157 versa·

177 2189 299 2253 tus,
334 2176 414 2237 ad
447 2175 770 2238 Caesarem'
786 2178 1087 2260 pervenit:
1134 2180 1212 2240 ab
1255 2200 1330 2240 eo
1374 2180 1450 2240 de
1492 2178 1766 2262 periculo
1808 2178 2127 2241 Ciceronis
2171 2178 2559 2261 legionesque

179 2281 256 2322 co
350 2261 523 2322 oscit.

338 2343 478 2406 LV.
526 2343 761 2422 Caesar,
794 2367 937 2409 acce
981 2347 1055 2409 tis
1083 2346 1292 2409 litteris
1320 2347 1560 2410 circiter
1589 2350 1738 2411 hora
1763 2368 1849 2410 11.
1880 2347 2020 2423 diei,
2058 2346 2258 2410 statim
2282 2347 2556 2410 nuntium

180 2428 240 2490 in
273 2427 645 2491 Bellovacos
676 2432 751 2492 ad
782 2429 872 2492 M.

962 2453 1192 2493 russum
1221 2447 1584 2515 quoestorem
1607 2433 1805 2500 mimi,
1833 2434 2002 2512 cujus
2029 2432 2274 2492 hiberna
2306 2434 2635 2497 aberunt&

179 2515 258 2575 ab
279 2536 359 2576 eo
391 2513 581 2576 millia
605 2537 886 2598 passuum
907 2537 1047 2578 XXV.
1090 2516 1278 2580 Jubet
1299 2517 1497 2580 medi&
1515 2532 1690 2580 noctv
1721 2520 2014 2588 laniamus·
2050 2519 2372 2600 prolisisci,
2397 2517 2551 2581 cele·

180 2598 448 2680 riterque
476 2600 556 2661 ad
587 2621 648 2662 se
676 2602 898 2663 venire.
985 2601 1159 2664 Exiit
1184 2623 1323 2664 cum
1354 2604 1567 2665 nuntio
1597 2602 1885 2665 Crassus:
1929 2604 2178 2664 alterum
2214 2604 2286 2664 ud
2322 2600 2398 2665 C.
2431 2601 2554 2666 Fa-

180 2683 353 2745 bium
380 2684 648 2767 legatum
679 2686 874 2763 mittit,
901 2688 1051 2748 utin
1072 2687 1448 2749 Atrebatium
1473 2688 1625 2750 fines
1644 2689 1941 2757 lvffiuuern
1977 2689 2258 2761 adducas
2290 2688 2412 2769 qua
2439 2687 2553 2750 sibi

179 2767 291 2830 iter
341 2768 684 2831 faciendum
732 2771 977 2833 sciebat.
1065 2771 1288 2833 Scribit
1333 2771 1632 2849 Labien0‚
1681 2773 1725 2833 si
1765 2773 1937 2853 Rfflp.
1985 2773 2306 2833 mmmmm
2355 2772 2554 2835 facere

178 2865 409 2934 posset,
433 2874 569 2915 cum
595 2853 835 2935 legione
860 2856 939 2917 ad
959 2857 1106 2917 fines
1130 2855 1494 2917 Nerviorum
1521 2858 1737 2919 venian

1833 2857 2150 2937 Reliqufflu
2184 2877 2416 2939 partum
2446 2858 2636 2918 (ΞΣ-30

178 2936 427 3015 orcitus,
457 2938 622 3021 quod
650 2939 863 3021 paulli)
895 2942 1105 3002 aberat
1132 2941 1392 3021 longius,
1425 2961 1547 3002 non
1620 2953 1751 3002 utat
1777 2941 2286 3023 exspectandam:
2329 2941 2554 3021 equites

176 3022 426 3084 circiter
454 3044 559 3086 cn.
591 3044 668 3085 ex
692 3025 986 3109 proximis
1012 3025 1274 3086 hibernis
1294 3024 1479 3103 cogit.

1634 3023 1745 3085 ora
1770 3024 2009 3085 circiter
2039 3043 2141 3086 ιιι.
2173 3024 2252 3084 ab
2277 3036 2553 3085 antecur-

178 3108 423 3169 soribus
447 3108 522 3169 de
552 3106 760 3170 Crassi
783 3109 1044 3170 adventu
1074 3110 1293 3169 certior
1321 3121 1409 3169 est
1435 3107 1667 3168 sactus:
1711 3128 1786 3168 eo
1810 3107 1908 3169 die
1929 3106 2121 3168 millia
2141 3126 2424 3189 passuum
2456 3126 2552 3168 xx.

180 3192 591 3275 progreditur.
679 3192 969 3255 Crassum
1016 3192 1470 3254 Samarobrivae
1499 3192 1785 3275 praeficit3
1829 3191 2250 3273 legionemque
2290 3190 2344 3251 ei
2391 3190 2557 3252 attri-

181 3276 331 3353 buit,
367 3276 530 3359 quod
562 3278 645 3339 ibi
676 3278 1106 3362 impedimenta
1128 3277 1446 3353 exercitiiS,
1477 3278 1716 3339 obsides
1747 3276 2076 3350 civitatum,
2105 3275 2328 3336 litteras
2356 3274 2637 3359 publi-35

181 3382 300 3438 caS,
334 3361 815 3445 frumentumque
835 3384 1032 3438 omne,
1064 3363 1227 3444 quod
1269 3362 1343 3423 εὸ
1376 3362 1706 3424 toleranda?
1738 3361 1950 3424 hiemis
1972 3359 2186 3422 caussa
2215 3359 2556 3437 devexerat,

182 3446 579 3529 relinquebat.
666 3446 915 3524 Fabius,
938 3461 1003 3508 ut
1031 3448 1385 3531 imperatum
1412 3459 1561 3522 erat,
1601 3467 1722 3508 non
1767 3446 1849 3507 ita
1893 3445 2144 3506 multum
2175 3458 2462 3522 moratus,
2493 3445 2557 3507 in

182 3528 394 3593 itinere
418 3552 556 3593 curn
587 3532 827 3613 legione
852 3532 1132 3593 occurrit.
1202 3530 1511 3607 Labienus
1530 3531 1769 3593 interitu
1796 3530 2032 3606 Sabini,
2061 3542 2122 3592 et
2147 3530 2318 3592 caede
2336 3531 2555 3593 cohor-

183 3614 329 3677 tium
355 3616 623 3698 cognita,
654 3638 836 3698 quum
868 3637 1076 3677 omnes
1107 3617 1185 3678 ad
1215 3638 1350 3678 eum
1381 3614 1777 3677 Trevirorum
1807 3615 2006 3698 copiae
2035 3615 2351 3690 venissent,
2395 3614 2552 3676 veri-

183 3712 292 3778 tus,
322 3701 372 3762 si
391 3722 469 3763 ex
498 3702 763 3763 hibernis
784 3701 951 3783 sugoe
975 3700 1227 3763 similem
1252 3701 1684 3785 prosectionem
1708 3699 1956 3777 fecisset,
1982 3699 2242 3761 bostium
2260 3698 2639 3782 impetum40

246 3897 284 3943 1.
329 3897 550 3945 Venatum
570 3897 622 3945 iu
657 3895 803 3945 ὸιιὶίω
834 3895 1091 3961 defigitur]
1127 3898 1214 3943 Est
1235 3895 1381 3942 telum

184 3959 357 4006 missile
379 3961 551 4016 minus,
574 3961 701 4005 ferro
716 3959 961 4006 unciarum
982 3959 1205 4018 quinque,
1225 3958 1380 4004 hastili

184 4020 320 4067 trium
336 4023 510 4079 pedum
528 4023 686 4076 semis,
708 4033 870 4067 autore
893 4021 1127 4077 Modesto,
1149 4019 1306 4066 libello
1322 4022 1382 4066 de

185 4082 421 4130 vocabulis
445 4084 736 4131 militaribus.
799 4083 1005 4138 Balteus,
1021 4092 1073 4130 ut
1088 4083 1244 4141 placet
1265 4081 1381 4128 Var-

185 4146 303 4201 roni,
323 4144 492 4193 dn'citur
512 4160 605 4193 uon
619 4146 766 4196 saluas
779 4159 871 4208 quo
899 4143 1119 4207 cingilw,
1138 4144 1215 4192 sed
1245 4143 1382 4191 etiarn

183 4208 740 4331 qqurnbzrgfcgqndgffih
764 4270 921 4326 itaque
943 4268 1129 4325 minan,
1152 4268 1190 4313 si
1207 4267 1379 4313 Cicero

185 4337 281 4377 tam
296 4332 518 4379 ferociter
531 4330 680 4377 Gallis
697 4332 1002 4387 responderat
1019 4332 1209 4377 easdem
1226 4331 1287 4376 ad
1311 4328 1379 4387 ip-

185 4405 287 4437 sum
329 4394 609 4451 capiendum
655 4399 781 4438 artes
825 4393 1171 4449 adhibentibus,
1209 4392 1381 4450 quibus

187 4457 309 4512 apud
331 4456 592 4502 Tiiturium
628 4454 855 4499 Sabinum
878 4452 948 4498 usi
980 4456 1182 4500 fuerant.
1248 4453 1380 4499 ldem

186 4518 307 4561 enim
331 4519 533 4577 perfuga
564 4518 737 4562 docere
767 4529 873 4560 eum
904 4524 1120 4572 potuerat
1152 4517 1211 4562 de
1234 4514 1382 4560 omui-

186 4578 288 4681 ξω,
322 4594 425 4637 quae
447 4580 575 4638 apud
599 4577 764 4627 Sabini
788 4576 1035 4636 Cottaeque
1056 4585 1217 4625 castra
1246 4583 1383 4637 gesta

208 4649 384 4687 nerant.

1503 3896 1581 3942 24.
1612 3894 1846 3942 Nuntium
1867 3893 1916 3940 in
1941 3891 2238 3954 Bellovacos]
2273 3890 2401 3938 Hinc
2423 3889 2637 3952 intelligi-

1444 3966 1520 4004 tur
1543 3959 1589 4003 in
1612 3956 1874 4003 Bellovacis
1896 3956 2043 4004 [iusso
2060 3955 2268 4013 positum
2288 3952 2505 4013 Belgium
2534 3966 2642 4011 pro-

1442 4018 1544 4079 prie
1571 4020 1765 4066 dictum.
1829 4016 2069 4092 Siquidem
2104 4017 2267 4063 Caesar
2297 4014 2485 4072 scripsit
2506 4029 2557 4059 se
2578 4012 2640 4060 le-

1446 4084 1636 4141 gionem
1661 4082 1727 4127 M.
1745 4080 1908 4125 Crassi
1941 4079 1988 4124 in
2013 4078 2176 4138 Belgio
2196 4077 2468 4124 collocasse.
2529 4076 2645 4129 Quis

1446 4143 1588 4188 suerit
1609 4143 1685 4188 ille
1703 4143 1772 4189 M.
1787 4142 1990 4188 Crassus
2011 4153 2156 4198 supra
2174 4141 2353 4186 dictum
2372 4146 2462 4184 est.

1506 4206 1584 4250 26.
1616 4203 1930 4251 masma
1959 4206 2086 4249 node
2124 4201 2348 4262 legionem
2380 4195 2642 4262 pmficisei]

1441 4268 1738 4324 Quamquam
1760 4266 1884 4310 euim
1901 4264 2104 4309 Crassus
2119 4271 2215 4308 tres
2230 4263 2404 4306 babeat
2418 4260 2646 4320 legiones,

1441 4331 1564 4374 duas
1604 4336 1763 4373 tamen
1803 4327 1852 4372 in
1895 4323 2155 4372 Bellovacis
2187 4323 2516 4380 relinquendas
2558 4336 2643 4381 pu-

1443 4391 1579 4445 tavit,
1618 4404 1678 4435 ne
1715 4391 1806 4435 hoc
1849 4386 1989 4433 veluti
2033 4388 2238 4431 froenum
2275 4384 2414 4430 soluti
2449 4384 2644 4431 rebella-

1445 4461 1568 4498 rent.

1507 4513 1587 4558 34.
1623 4508 1994 4568 Samarobriva]
2031 4507 2104 4554 Dc
2129 4506 2468 4556 Samarobriva
2502 4521 2644 4575 simtu

1447 4576 1642 4621 dictum.

1510 4699 1553 4744 G
