3059 5050
1149 247 1429 341 LIBER
1468 236 1587 311 ΙΙΙ.
2481 251 2611 312 295

146 416 451 471 ‘caverant
476 400 887 486 compluribus
914 398 1311 465 Alexandriae
1338 396 1531 460 bellis.
1617 392 1704 456 Hi
1746 390 2149 459 Ptolemaeum
2200 405 2431 478 patrem
2463 396 2528 459 in

163 513 425 573 regnum
484 488 849 550 reduxerant
877 508 898 563 3
963 483 1170 546 Bibuli
1229 483 1387 545 filios
1443 482 1597 544 duos
1654 478 2113 556 interfecerant3
2179 477 2341 542 bella
2390 502 2528 543 cum

168 575 251 638 Ε
300 597 345 659 y
389 574 486 636 tiis
559 584 844 634 esserant.
931 568 1117 633 Hunc
1148 588 1317 630 usum
1349 566 1433 629 rei
1465 565 1737 633 militaris
1767 562 2088 625 habebant.

254 597 435 723 5221.
547 660 597 719 is
621 656 812 740 copiis
841 653 1034 717 fidens
1077 652 1368 728 Achillas,
1421 650 1904 735 paucitatemque
1957 647 2210 709 militum
2265 648 2531 713 Caesaris

163 744 527 828 despiciens,
579 754 841 823 occupat
888 738 1321 801 Alexandriam
1346 758 1362 797 ε
1434 748 1731 819 praeterea
1779 733 1992 817 oppidi
2049 746 2300 818 partem,
2349 757 2530 818 quam
2575 739 2613 797 5

164 828 393 893 Caesar
422 848 558 891 cum
590 827 877 888 militibus
906 825 1161 886 tenebat.
1247 820 1462 885 Primo
1486 821 1712 904 impetu
1742 819 1990 881 domum
2035 820 2160 901 ejus
2203 819 2533 905 irrumpere

163 928 426 977 conatus
454 925 561 974 est.
650 910 773 973 Sed
803 908 1037 984 Caesar,
1067 906 1368 991 dispositis
1398 926 1506 989 per
1535 906 1665 966 vias
1695 905 2063 981 cohortibus,
2091 905 2377 987 impetum
2408 907 2536 987 ejus

167 998 472 1062 sustinuit.
558 995 911 1077 Eodemque
955 1009 1222 1075 tempore
1268 1003 1602 1074 pugnatum
1635 1005 1722 1052 est
1751 991 1831 1053 ad
1861 1005 2098 1074 portum
2128 1011 2144 1050 :
2188 1003 2218 1034 ὃ
2247 1011 2319 1052 ac
2350 989 2535 1071 louge

170 1084 507 1145 maximam
536 1102 609 1144 ea
637 1102 729 1142 res
758 1078 955 1142 attulit
978 1077 1447 1140 dimicationem.
1538 1075 1736 1137 Simul
1787 1077 1969 1152 enim,
2022 1074 2280 1139 diductis
2324 1076 2535 1158 copiis,

166 1168 448 1253 pluribus
477 1168 586 1232 viis
636 1164 1067 1249 pugnabatur:
1111 1175 1170 1225 et
1216 1160 1446 1242 magna
1486 1160 1866 1223 multitudine
1896 1182 2079 1223 naves
2107 1160 2325 1243 longas
2356 1164 2625 1224 occu-10

166 1275 323 1341 pare
353 1254 544 1313 hostes
574 1251 988 1312 conabantur:
1052 1252 1305 1330 quarum
1358 1259 1533 1309 erant
1585 1244 1815 1307 auxilio
1863 1267 1922 1308 1..
1971 1244 2169 1308 missoe
2222 1245 2302 1308 ad
2351 1244 2540 1307 Pom·

166 1339 374 1422 peium
405 1358 420 1397 :
466 1357 624 1419 quae,
654 1333 871 1419 praelio
903 1333 963 1394 in
993 1331 1315 1395 Thessalia
1360 1330 1543 1408 sacto,
1588 1331 1834 1392 domum
1869 1331 2188 1393 redierant.
2273 1328 2407 1393 Illae
2436 1330 2541 1392 tri-

165 1444 362 1485 remes
392 1442 599 1484 omnes
643 1435 703 1483 et
731 1418 1187 1564 quinqperemes
1217 1430 1406 1494 erant,
1451 1429 1614 1501 aptae
1660 1418 2087 1499 instructaeque
2140 1415 2418 1479 omnibus
2447 1436 2542 1478 re-

166 1509 281 1570 bus
312 1508 390 1570 ad
415 1506 850 1587 navigandum.
954 1516 1131 1566 raeter
1162 1503 1269 1564 has
1289 1523 1447 1565 xxn.
1468 1515 1658 1578 erant,
1679 1523 1818 1584 quae
1839 1501 2105 1585 praesidii
2130 1500 2345 1564 caussa
2355 1500 2541 1564 Alex-

165 1593 406 1659 andria:
454 1612 581 1654 esse
634 1600 1087 1665 consueverant,
1131 1601 1453 1650 constrata*
1485 1608 1711 1649 omnes,
1800 1586 1972 1669 Quas
2025 1586 2073 1649 si
2128 1586 2624 1671 occupassenulb

165 1678 365 1741 classe
390 1674 627 1739 Caesari
657 1674 881 1759 erepta,
912 1687 1150 1757 portum
1182 1694 1254 1735 ac
1304 1692 1467 1734 mare
1515 1686 1706 1733 totum
1761 1672 1822 1733 in
1874 1672 1983 1733 sua
2067 1686 2314 1734 otestate
2360 1672 2544 1734 habe-

168 1776 345 1825 rent:
389 1774 731 1822 commeatu
777 1759 1134 1860 auxiliisque
1164 1755 1476 1818 Caesaoem
1521 1756 1927 1839 prohiberent.
2049 1769 2229 1838 taque
2265 1756 2432 1818 tanta
2459 1770 2548 1819 est

168 1845 558 1910 contentione
589 1856 811 1919 actum,
842 1855 1069 1924 quanta
1111 1841 1213 1923 agi
1268 1841 1518 1917 debuit3
1565 1860 1748 1922 quum
1802 1840 1901 1902 ille
1951 1839 2204 1903 celerem
2259 1842 2318 1903 in
2367 1841 2441 1902 ea
2483 1862 2549 1903 re

168 1932 516 2007 victoriam,
547 1929 609 1991 hi
661 1927 913 1990 salutem
963 1947 1132 1988 suam
1181 1926 1503 1988 consistere
1557 1925 1845 1986 viderent.
1934 1923 2057 1987 Sed
2110 1946 2235 1987 rem
2290 1925 2550 1988 obtinuit

173 2015 426 2080 Caesar:
458 2034 784 2096 omnesque
806 2034 909 2074 eas
927 2032 1130 2089 naves,
1151 2023 1210 2074 et
1233 2010 1494 2093 reliquas
1518 2031 1658 2093 quae
1677 2023 1850 2071 erant
1890 2009 1951 2071 in
1976 2010 2312 2090 navalibuS,
2345 2013 2633 2076 bicen-20

174 2102 310 2180 dit;
356 2099 521 2183 quod
551 2114 675 2162 tam
706 2098 827 2161 late
857 2097 1011 2160 tueri
1055 2110 1176 2158 tam
1206 2096 1399 2180 parva
1428 2116 1612 2157 manu
1643 2115 1766 2157 non
1796 2107 2076 2179 poterat3
2119 2097 2548 2181 confestimque

175 2186 257 2250 ad
288 2185 559 2248 Pharum
591 2184 845 2247 navibus
876 2182 1089 2244 milites
1117 2181 1416 2265 exposuit.

263 2268 472 2333 CXII.
520 2267 761 2331 Pharus
791 2270 965 2330 estin
993 2266 1189 2329 insula
1216 2266 1415 2344 turris,
1442 2265 1670 2350 magnii
1694 2266 2028 2344 altitudine,
2055 2268 2322 2332 mirificis
2352 2270 2551 2354 operi-

171 2358 288 2420 bus
312 2367 610 2433 extructa,
635 2375 777 2439 quae
795 2374 1017 2416 nomen
1041 2354 1119 2415 ab
1145 2351 1339 2415 insula
1363 2353 1615 2435 accepit.
1680 2350 1838 2415 Haec
1859 2352 2075 2431 insula,
2096 2355 2334 2437 objecta
2357 2355 2547 2418 Alex·

173 2441 428 2519 andriae,
461 2454 699 2525 portum
731 2439 909 2504 efficit
936 2460 952 2500 :
996 2437 1101 2511 sed
1132 2438 1169 2499 a
1187 2436 1595 2521 superioribus
1625 2437 1974 2520 regionibus
2004 2439 2065 2501 in
2111 2439 2636 2524 longitudinem25

175 2549 463 2612 passuum
493 2547 729 2589 nocco.
753 2525 816 2587 in
846 2545 1014 2587 mare
1044 2524 1228 2607 jactis
1259 2524 1538 2601 molibuS,
1570 2537 1832 2606 angusto
1863 2524 2072 2587 itinere
2101 2539 2159 2588 et
2186 2541 2370 2610 ponte
2412 2549 2550 2591 cum

176 2614 408 2697 oppido
438 2612 846 2695 conjungitur.
934 2609 1008 2674 In
1038 2610 1151 2674 hac
1183 2623 1320 2672 sunt
1344 2609 1543 2671 insula
1594 2608 1904 2672 domicilia
1927 2608 2341 2695 AEgptiorum,
2372 2627 2432 2676 et
2459 2613 2552 2676 vi-

177 2719 305 2775 cuS,
348 2697 560 2782 oppidi
589 2695 1044 2779 magnitudine:
1089 2715 1347 2778 quoeque
1375 2695 1602 2777 ubique
1629 2716 1811 2757 naves
1842 2696 2245 2780 imprudentia
2270 2711 2376 2761 aut
2403 2713 2553 2761 tem-

176 2796 405 2868 pestate
434 2782 768 2867 paullulum
796 2802 906 2844 suo
934 2801 1114 2843 cursu
1138 2779 1520 2856 decesserint,
1553 2780 1663 2843 has
1692 2801 1861 2842 more
1889 2782 2249 2865 praedonum
2294 2784 2554 2868 diripere

176 2881 633 2932 consueverunt.
720 2865 803 2930 Iis
828 2880 1026 2929 autem
1058 2865 1281 2942 invitis,
1313 2865 1351 2927 a
1380 2866 1598 2947 quibus
1626 2864 1868 2928 Pharus
1892 2881 2143 2944 tenetur,
2191 2890 2314 2931 non
2356 2874 2636 2953 potest-‘30

176 2974 323 3032 esse,
355 2968 601 3038 propter
630 2952 960 3034 angustias,
990 2950 1248 3013 navibus
1271 2950 1551 3012 introitus
1581 2950 1643 3011 in
1673 2964 1934 3033 portum.
2022 2950 2164 3013 Hoc
2217 2965 2341 3014 tum
2395 2955 2553 3016 veri-

179 3055 273 3101 tus
303 3037 540 3115 Caesar,
560 3039 831 3099 hostibus
856 3037 919 3099 in
948 3034 1159 3120 pugni
1187 3035 1520 3118 occupatis,
1574 3033 1982 3116 militibusque
2032 3038 2344 3119 expositiS,
2387 3038 2554 3100 Pha·

178 3145 312 3187 rum
344 3123 760 3207 apprehendit,
788 3134 967 3206 atque
997 3120 1081 3182 ibi
1108 3119 1456 3203 praesidium
1488 3118 1708 3203 posuit.
1795 3119 2036 3202 Quibus
2059 3133 2148 3183 est
2172 3123 2348 3183 rebus
2377 3123 2554 3186 effec-

179 3223 325 3286 tum,
351 3206 437 3271 uti
485 3207 618 3269 tuto
644 3206 1007 3269 frumentum
1038 3203 1388 3286 auxiliaque
1431 3203 1687 3267 navibus
1734 3205 1812 3266 ad
1861 3224 1996 3266 eum
2041 3208 2384 3290 supportari
2414 3230 2554 3293 pos-

181 3309 326 3357 sent.
416 3291 667 3355 Dimisit
693 3292 851 3354 enim
900 3291 1125 3353 circum
1178 3310 1386 3352 omnes
1416 3277 1788 3372 propinquas
1835 3289 2132 3371 regiones,
2183 3305 2363 3375 atque
2415 3294 2636 3358 indessfi

182 3377 409 3442 auxilia
436 3377 715 3440 evocavit
742 3398 756 3438 :
803 3376 1045 3459 reliquis
1075 3373 1285 3458 oppidi
1331 3374 1604 3458 partibus
1642 3374 1726 3436 sic
1756 3388 1845 3437 est
1873 3390 2229 3459 pugnatum,
2264 3392 2327 3440 ut
2374 3401 2554 3463 aequo

181 3463 396 3548 proelio
425 3463 851 3539 discederetur,
875 3475 935 3524 et
960 3461 1152 3524 neutri
1176 3459 1541 3561 pellerentur
1567 3459 1658 3544 (id
1677 3458 2016 3524 efficiebant
2039 3463 2338 3545 angustiae
2363 3463 2481 3528 loci
2505 3464 2549 3551 :)

182 3549 508 3634 paucisque
557 3549 858 3630 utrimque
904 3545 1247 3624 intersectis,
1303 3543 1521 3608 caesar
1550 3543 1690 3607 loca
1719 3546 1987 3609 maxime
2019 3550 2359 3612 necessaria
2386 3572 2555 3614 com-

180 3634 410 3733 plexus,
443 3646 627 3697 noctu
655 3632 1023 3717 praemunit=
1069 3631 1186 3694 boc
1229 3644 1424 3694 tractu
1473 3630 1686 3714 oppidi
1734 3653 1875 3715 pars
1928 3646 2057 3695 erat
2085 3634 2274 3715 regioe
2304 3635 2551 3718 exigua,

181 3740 241 3782 m
271 3741 451 3801 quam
473 3720 601 3803 ipse
628 3718 943 3781 habitandi
972 3717 1189 3780 caussa
1215 3716 1388 3778 initio
1416 3728 1548 3778 erat
1599 3716 1897 3794 inductus,
1949 3730 2009 3780 et
2061 3719 2356 3782 theatrum
2401 3726 2638 3786 con-40

170 3805 445 3888 junctum
471 3805 699 3881 domui,
730 3804 895 3887 quod
927 3802 1082 3865 arcis
1112 3802 1352 3864 tenebat
1381 3802 1603 3878 locum,
1636 3801 1951 3883 aditusque
1998 3803 2258 3867 habebat
2303 3806 2381 3867 ad
2410 3826 2554 3890 por-

182 3903 323 3967 tum,
348 3902 408 3952 et
435 3890 515 3953 ad
545 3889 779 3973 reliqua
806 3887 1069 3952 navalia,
1157 3886 1293 3951 Has
1322 3886 1686 3949 munitiones
1715 3886 2165 3969 insequentibus
2208 3890 2381 3952 auxit
2426 3891 2552 3953 die-

183 3975 308 4054 bus,
332 3989 399 4039 ut
426 3996 540 4059 pro
586 3995 761 4037 muro
805 3975 1072 4058 objectas
1125 3972 1390 4051 baberet,
1445 3993 1563 4035 neu
1615 3992 1892 4056 pugnare
1943 3973 2163 4037 invitus
2215 3991 2550 4059 cogeretur.

951 4097 1884 4163 alle-'dmmfiot'tmoem‘miper-ieuli.

235 4222 280 4269 2.
322 4220 486 4270 Bibuli
497 4220 635 4286 filios
664 4219 780 4268 dum
800 4218 922 4268 inter
943 4219 1162 4282 aceram]
1227 4219 1371 4280 Mag-
1496 4220 1574 4266 22.
1595 4219 1848 4282 Pharum]
1885 4220 1958 4268 De
1980 4222 2141 4269 Pharo
2164 4221 2315 4270 insula
2331 4224 2376 4271 le
2456 4224 2638 4275 Home-

180 4298 289 4332 num
307 4284 579 4344 exemplum
609 4281 868 4330 effronatae
963 4281 1119 4339 cotie,
1150 4282 1371 4329 consula-
1434 4295 1560 4338 rum,
1576 4282 1656 4328 lib.
1675 4297 1742 4330 iv·
1785 4282 2027 4345 Odyssea,
2047 4284 2352 4343 Strabonem,
2411 4289 2633 4337 ucianum

179 4347 240 4394 ris
261 4345 347 4394 virt
370 4345 597 4406 unaque
626 4343 865 4406 dignitate
885 4344 1071 4404 prediti
1101 4344 1225 4392 filios
1245 4343 1371 4392 occi·
1437 4343 1486 4390 in
1519 4345 1741 4392 methodo
1763 4348 2108 4404 componenda
2140 4348 2366 4404 historiae,
2399 4350 2634 4401 Herodia-

177 4409 317 4466 dine,
352 4423 441 4469 pro
477 4422 585 4482 quo·
610 4409 825 4455 facinore
862 4405 1006 4454 vincti
1035 4408 1098 4454 ad
1134 4413 1323 4466 patrem
1343 4405 1374 4453 ἰ
1434 4419 1570 4463 num,
1591 4406 1673 4454 lib.
1697 4421 1765 4455 ιν.
1816 4407 2098 4468 Josephum,
2121 4409 2201 4456 lib.
2233 4425 2299 4458 vr.
2321 4413 2383 4458 de
2404 4413 2530 4459 bello
2549 4415 2633 4462 Ju-

179 4470 435 4531 cleopan-t
455 4471 586 4518 mim
609 4470 813 4516 suerunt.
878 4468 976 4516 Sed
1007 4468 1181 4530 insigni
1211 4470 1373 4517 mode-
1434 4469 1593 4524 duco,
1617 4469 1937 4527 Ammianum,
1968 4471 2048 4519 lib.
2087 4485 2204 4520 xxn.
2269 4473 2491 4534 Plinium,
2517 4477 2634 4525 Soli-

179 4534 370 4581 ntionis
391 4532 613 4592 exemplo
645 4531 842 4580 Bibulus
871 4530 1052 4579 remisit
1087 4539 1372 4591 potestatem
1435 4546 1569 4588 num,
1589 4532 1669 4592 qui
1692 4538 1959 4591 postremus
1974 4535 2034 4580 de
2058 4533 2218 4581 Pharo
2249 4535 2317 4584 sic
2340 4538 2510 4585 habet:
2552 4540 2636 4588 Eut

176 4597 274 4657 ejus
307 4611 406 4643 non
444 4609 600 4652 sunm,
635 4594 721 4642 sed
751 4601 946 4641 senum
977 4593 1142 4642 dicen
1162 4607 1269 4642 une
1290 4595 1373 4642 de·
1434 4598 1479 4641 et
1511 4593 1689 4642 Pharai
1708 4593 1891 4641 colonia
1917 4594 1951 4643 ὰ
1984 4597 2163 4644 Caewre
2185 4597 2403 4649 ‹lictatur-e
2424 4600 2636 4659 deduce«,

178 4659 297 4707 bere.
1431 4670 1490 4704 es:
1519 4656 1616 4724 qud
1634 4655 1827 4720 facibus
1846 4658 2042 4712 accende
2060 4664 2284 4709 nocturna
2307 4661 2532 4727 dirigitur
2547 4661 2641 4714 κέ
