3059 5050
399 305 520 368 128
1163 293 1288 362 DE
1329 294 1636 366 BELLO
1681 286 2074 363 GALLICO

563 442 810 510 XVIII.
856 441 1062 526 Quum
1084 445 1220 526 jam
1237 467 1413 509 muro
1435 445 2021 531 appropinquassent
2038 458 2247 521 turreS,
2265 463 2343 505 ex
2361 442 2619 527 captivis
2628 440 2855 511 Caesar

478 530 792 614 cognovit,
815 526 1400 613 Vercingetorigem,
1426 544 1790 614 consumpto
1818 528 2064 614 pabulo,
2095 542 2292 591 castra
2310 528 2569 590 movisse
2599 531 2851 614 propius

477 613 835 689 Avaricum,
886 628 1066 696 atque
1117 615 1313 698 ipsum
1360 634 1499 678 cum
1543 616 1811 699 equitatu
1856 614 2269 698 expeditisque
2305 612 2408 694 qui
2438 612 2593 676 inter
2621 614 2850 697 equites

481 697 753 783 proeliari
769 698 1178 776 consuessent,
1202 699 1555 763 insidiarum
1584 700 1799 763 caussa
1827 698 1899 761 eo
1924 697 2279 783 profectum,
2304 695 2425 780 quo
2450 712 2688 761 nostros
2705 720 2851 783 pos-

399 787 437 845 5
481 795 612 847 tero
655 784 754 845 die
800 782 1151 866 pabulatum
1199 798 1480 847 venturos
1527 785 1952 848 arbitrabatur.
2039 782 2280 865 Quibus
2331 782 2507 844 rebus
2564 783 2848 865 cognitis,

480 867 683 931 media
711 880 889 930 nocte
917 864 1155 930 silentio
1179 867 1500 952 profectus,
1531 869 1611 932 ad
1641 869 1898 931 hostium
1929 882 2129 931 castra
2151 868 2332 929 mane
2363 868 2654 950 pervenit.
2726 866 2850 945 Illi,

341 947 350 959 '
480 951 754 1015 celeriter
781 974 890 1036 per
926 953 1340 1037 exploratores
1392 954 1654 1017 adventu
1707 953 1973 1017 Caesaris
2019 953 2289 1035 cognito,
2337 972 2541 1014 carros
2590 952 2853 1037 impedi-

479 1050 802 1205 ?AEttiotagge
829 1058 940 1100 sua
967 1036 1090 1185 *ηιξ
1111 1040 1405 1186 mres
1447 1038 2040 1206 silvasqzzbadiderunt,i
2081 1037 2296 1199 ἔρξε
2344 1056 2550 1183 omne?
2591 1058 2670 1185 ιεὲ
2707 1037 2853 1100 loco

765 1143 844 1185 ue
871 1144 910 1185 a
1111 1145 1132 1184 ι
1301 1138 1538 1188 xerunt.
1778 1144 1842 1186 re
1871 1144 1995 1186 nun
2044 1144 2081 1185 a
2251 1142 2408 1184 aesar
2434 1142 2468 1183 c
2526 1142 2609 1183 en
2670 1143 2854 1185 rsar-

404 1205 650 1271 lucinas
668 1143 1144 1285 consermpearma
1171 1208 1444 1292 expediri
1460 1207 1662 1291 jussit.

565 1289 749 1354 xlx.
793 1290 990 1355 Collis
1013 1307 1145 1355 erat
1171 1292 1383 1356 leniter
1412 1295 1491 1356 ab
1521 1293 1733 1356 infimo
1763 1290 2026 1355 acclivis.
2101 1289 2287 1355 Hunc
2313 1310 2393 1353 ex
2413 1290 2693 1353 omnibus
2720 1291 2852 1354 sere

479 1376 752 1523 {nibus
778 1375 953 1459 palus
982 1376 1240 1440 difficilis
1268 1391 1449 1460 atque
1477 1376 1769 1462 impedita
1795 1377 2098 1458 cingebat,
2122 1397 2246 1439 non
2286 1374 2466 1439 latior
2492 1375 2748 1460 pedibus
2786 1399 2851 1440 ι.

548 1459 625 1523 oc
654 1479 718 1524 se
745 1459 922 1539 colle,
963 1460 1306 1545 interruptis
1335 1462 1638 1547 pontibus,
1671 1460 1837 1524 Galli
1866 1461 2090 1525 fiducia
2127 1460 2248 1524 loci
2277 1460 2697 1539 continebant3
2740 1482 2856 1544 ge-

479 1546 857 1628 naratimque
921 1546 1220 1610 distributi
1265 1547 1328 1609 in
1370 1547 1663 1624 civitates,
1705 1546 1912 1610 omnia
1938 1547 2098 1609 vada
2127 1567 2199 1609 ac
2246 1544 2431 1607 saltus
2454 1544 2582 1607 e'us
2609 1545 2855 1629 paludis

403 1631 656 1696 l5certis
684 1630 972 1694 custodiis
995 1631 1386 1710 obtinebant3
1430 1632 1516 1694 sic
1541 1631 1746 1694 animo
1768 1630 1986 1715 parati,
2029 1644 2114 1708 ut,
2146 1630 2197 1692 si
2237 1650 2372 1692 eam
2402 1650 2444 1713 p
2510 1630 2684 1692 udem
2714 1628 2856 1694 Ro-

481 1715 647 1778 mani
677 1736 1063 1814 perrumpere
1103 1729 1484 1794 conarentur,
1528 1717 1560 1761 b
1590 1716 1933 1779 haesitantes
1978 1728 2315 1799 premerent
2358 1735 2437 1777 ex
2488 1714 2626 1777 loco
2672 1736 2855 1798 supe-

477 1799 679 1865 riore:
723 1815 810 1879 ut,
840 1822 943 1885 qm
966 1801 1476 1885 propinquitatem
1505 1800 1627 1864 loci
1644 1801 1935 1878 viderent,
1961 1812 2203 1884 paratos
2225 1799 2420 1899 prope
2446 1819 2625 1882 aequo
2647 1797 2857 1863 Ma‘rte

479 1884 561 1948 ad
606 1884 1020 1949 dimicandum
1072 1885 1512 1949 existimarent:
1558 1887 1661 1970 qui
1714 1886 2088 1969 iniquitatem
2139 1884 2503 1948 conditionis
2547 1884 2854 1969 perspice-

479 1983 632 2046 rent,
662 1969 831 2034 inani
859 1971 1242 2034 simulatione
1279 1992 1408 2034 sese
1451 1984 1750 2035 ostentare
1778 1981 2230 2053 cognoscerent.
2315 1966 2713 2053 Indignantes
2737 1970 2856 2032 mi-

394 2055 611 2119 20lites
634 2052 872 2133 Caesar,
901 2055 1068 2138 quod
1091 2070 1479 2140 conspectum
1504 2077 1676 2120 suum
1701 2056 1901 2118 hostes
1922 2054 2076 2118 serre
2104 2067 2365 2138 possent,
2390 2052 2622 2117 tantulo
2651 2056 2855 2138 spatio

475 2140 810 2221 interjecto,
834 2152 895 2202 et
923 2139 972 2202 si
1063 2160 1164 2201 um
1194 2138 1396 2224 proelii
1414 2153 1809 2224 exposcentes
1832 2140 2065 2217 edocet,
2097 2146 2376 2222 “quanto
2394 2138 2771 2218 detrimento,
2791 2153 2855 2203 et

475 2238 629 2307 quot
659 2227 928 2290 vinorum
998 2224 1219 2287 ortium
1265 2238 1460 2287 morte
1506 2244 1747 2287 necesse
1792 2237 1945 2286 esset
1984 2236 2261 2287 constare
2295 2223 2651 2286 victoriam:
2738 2246 2855 2287 uos

475 2327 664 2391 quum
693 2311 788 2371 sic
827 2306 1034 2371 animo
1061 2321 1305 2393 paratos
1333 2308 1583 2386 videret,
1636 2322 1703 2372 ut
1730 2307 1960 2371 nullum
2007 2330 2119 2392 pro
2148 2309 2259 2372 sua
2307 2307 2487 2371 laude
2513 2308 2681 2392 peric
2746 2331 2854 2372 um

473 2403 841 2471 recusarent,
865 2414 1120 2456 summae
1150 2413 1213 2456 se
1236 2393 1569 2477 iniquitatis
1596 2393 1989 2457 condemnari
2013 2394 2253 2470 debere,
2282 2391 2399 2456 nisi
2427 2413 2636 2456 eorum
2658 2394 2851 2457 vitam

388 2478 586 2543 25sufi
607 2477 798 2543 salute
825 2478 1049 2543 habeat
1068 2478 1426 2543 cariorem.’'
1495 2478 1604 2542 Sic
1632 2478 1849 2544 milites
1878 2478 2223 2543 consolatus
2244 2478 2456 2542 eodem
2486 2477 2585 2541 die
2615 2479 2855 2542 reducit

473 2564 538 2628 in
566 2577 804 2642 castra3
848 2563 1218 2648 reliquaque,
1248 2584 1389 2648 quae
1419 2565 1501 2628 ad
1529 2564 2048 2649 oppugnationem
2077 2563 2288 2647 oppidi
2306 2563 2708 2647 pertinebant,
2739 2565 2857 2630 ad-

472 2648 814 2712 ministrare
842 2648 1112 2712 instimit.

541 2731 708 2797 XX.
753 2731 1246 2817 Vercingetorix,
1276 2755 1464 2818 quum
1485 2735 1566 2800 ad
1597 2754 1738 2798 suos
1760 2731 2409 2882 ωᾶίιοεὲἕτοᾶίῐίοηίε
2449 2733 2863 2813 insimulatus,-

472 2818 693 2903 “quod
720 2832 924 2884 castra
953 2819 1203 2904 propius
1225 2817 1547 2882 Romanos
1574 2820 1878 2895 movisset,
1903 2818 2010 2901 qu*
2085 2839 2224 2881 cum
2248 2819 2412 2881 omni
2437 2819 2709 2902 equitatu
2726 2820 2855 2884 dis-

389 2904 764 2981 sumsisset,
788 2904 954 2988 quod
974 2904 1102 2968 sine
1131 2903 1388 2988 imperio
1417 2917 1619 2968 tantas
1639 2903 1849 2988 copias
1874 2903 2223 2986 reliquisset,
2243 2902 2409 2987 quod
2426 2905 2557 2987 ejus
2580 2904 2853 2969 discessu

470 2988 742 3053 Romani
771 2989 941 3053 tanti
983 2989 1432 3074 opportunitate
1473 3002 1536 3053 et
1580 2988 1884 3052 celeritate
1929 2989 2265 3051 venissent:
2308 3009 2433 3051 non
2474 2989 2611 3052 haec
2639 2989 2855 3054 omnia

470 3073 721 3138 fortuito
747 3087 854 3139 aut
875 3075 1004 3138 sine
1032 3074 1289 3138 consilio
1320 3073 1597 3138 accidere
1625 3074 1920 3159 potuisse:
1949 3093 2201 3156 regnum
2231 3072 2400 3136 illum
2424 3072 2649 3137 Gallia·
2667 3073 2856 3138 malle

471 3157 743 3224 Caesaris
765 3180 1076 3238 concessu,
1095 3162 1278 3242 quam
1309 3159 1579 3243 ipsorum
1601 3160 1824 3222 habere
1841 3157 2200 3221 beneficio.''
2282 3156 2428 3221 Tali
2457 3158 2645 3221 modo
2666 3180 2859 3222 accu-

473 3257 639 3306 satus
661 3244 743 3307 ad
770 3245 906 3307 haec
934 3245 1285 3327 respondet:
1331 3241 1571 3324 “Quod
1596 3257 1796 3306 castra
1822 3242 2124 3320 movisset,
2142 3241 2366 3306 factum
2388 3242 2598 3328 inopifi
2617 3243 2859 3327 pabuli,

388 3327 653 3389 35etiam
679 3328 824 3412 ipds
847 3328 1255 3406 hortantibus3
1299 3326 1465 3409 quod
1489 3327 1739 3411 propius
1767 3325 2084 3390 Romanos
2108 3327 2472 3405 accessisset,
2494 3347 2858 3412 persuasum

465 3407 591 3472 loci
622 3412 1092 3494 opportunitate,
1131 3411 1237 3493 qui
1277 3431 1341 3472 se
1386 3410 1583 3494 ipsum
1632 3410 1963 3474 munitione
1992 3411 2362 3475 defenderet:
2405 3412 2675 3495 equitum
2706 3413 2857 3476 vero

472 3513 722 3579 operam
749 3515 946 3576 neque
967 3495 1031 3556 in
1055 3496 1195 3557 loco
1217 3494 1469 3579 palustri
1495 3495 1821 3558 desiderari
1850 3497 2151 3573 debuisse,
2178 3509 2241 3559 et
2262 3495 2388 3559 illic
2411 3497 2592 3562 titisse
2619 3497 2854 3575 utilem,

471 3578 595 3727 3:1⁴⁸)
627 3577 746 3641 sint
773 3578 1059 3663 profecti:
1102 3599 1398 3642 summam
1426 3579 1667 3663 imperii
1709 3601 1772 3642 se
1800 3580 2076 3643 consulto
2117 3580 2270 3643 nulli
2298 3581 2707 3646 discedentem
2730 3596 2858 3646 tra-

519 3663 719 3740 'disse,
748 3685 825 3725 ne
849 3662 899 3725 is
928 3663 1325 3727 multitudinis
1354 3663 1554 3727 studio
1583 3664 1661 3727 ad
1691 3665 2100 3729 dimicandum
2131 3664 2568 3749 impelleretur:
2610 3667 2714 3732 cui
2745 3666 2855 3745 rei,
2914 3736 2921 3744 ,

389 3751 725 3838 wpropter
748 3748 935 3811 animi
957 3748 1291 3825 mollitiem,
1335 3742 1573 3812 studere
1601 3770 1810 3812 omnes
1837 3750 2084 3826 videret,
2115 3749 2281 3833 quod
2310 3751 2534 3814 diutius
2573 3751 2857 3816 laborem

474 3832 630 3895 serre
657 3855 781 3896 non
806 3846 1076 3916 possent:
1121 3829 1393 3895 Romani
1437 3832 1486 3895 si
1515 3855 1664 3896 casu
1704 3834 2148 3913 intervenerint,
2175 3833 2474 3918 sortunae3
2517 3835 2569 3899 si
2594 3836 2859 3919 alicujus

475 3917 704 3980 indicio
729 3918 954 3994 vocati,
985 3916 1125 3979 huic
1156 3917 1499 3988 habendam
1530 3918 1813 3999 gratiam,
1843 3918 2008 4001 quod
2037 3932 2098 3981 et
2124 3920 2489 4003 paucitatem
2529 3942 2747 3985 eorum
2776 3942 2860 3985 ex

473 4000 616 4064 loco
640 4002 948 4086 superiore
977 4021 1366 4083 cognoscere,
1395 4015 1457 4064 et
1498 4002 1779 4065 virtutem
1822 4003 2130 4087 despicere
2157 4006 2493 4087 potuerint:
2536 4007 2645 4089 qui
2670 4005 2863 4070 dimi-

474 4106 616 4149 care
634 4107 757 4149 non
788 4085 938 4163 ausi,
964 4085 1216 4168 turpiter
1245 4105 1308 4148 se
1337 4086 1400 4149 in
1429 4099 1630 4149 castra
1657 4087 2006 4171 receperint.
2080 4086 2410 4188 Imperium
2441 4111 2507 4154 se
2536 4091 2576 4153 a
2598 4089 2862 4156 Gaesare

392 4173 586 4272 45per
606 4170 1008 4255 proditionem
1039 4169 1270 4232 nullum
1295 4170 1656 4249 desiderare,
1695 4170 1862 4252 quod
1902 4172 2123 4234 habere
2144 4173 2403 4238 victoria
2441 4189 2666 4276 posset,
2714 4195 2861 4259 qnae

462 4273 600 4334 Jam
623 4271 777 4318 esset
805 4255 920 4317 sibi
951 4275 1023 4316 ac
1050 4254 1332 4316 omnihus
1362 4253 1559 4317 Gallis
1580 4255 1926 4338 explorata:
2057 4258 2119 4318 'n
2142 4257 2324 4320 etiam
2354 4260 2500 4344 ipsis
2531 4261 2861 4338 remittere,

476 4336 526 4397 si
556 4338 671 4401 sibi
700 4337 895 4422 magis
926 4338 1214 4401 honorem
1234 4339 1515 4418 tribuere,
1548 4340 1729 4422 quam
1752 4341 1830 4402 ab
1851 4360 1914 4401 se
1931 4361 1959 4402 s
2021 4354 2182 4404 utem
2203 4344 2482 4428 accipere
2506 4346 2863 4410 videantur.

478 4416 669 4499 Quod
700 4437 766 4486 ut
792 4422 1204 4507 intelligatis,’'
1250 4423 1466 4505 inquit,
1521 4431 1562 4462 ‘⁶
1583 4423 1816 4486 sincere
1847 4424 1886 4486 a
1906 4445 2004 4487 me
2043 4428 2446 4510 pronuntiari,
2476 4430 2687 4497 audite
2720 4429 2862 4501 Bn-

822 4568 932 4616 aln
962 4567 1760 4617 &mmmmm-'derunt
1895 4569 2416 4629 bHaerenteminluto.

429 4683 534 4752 ‚³⁴8-
560 4682 787 4740 rum
804 4691 1067 4756 «ιαμ-αι]
1100 4695 1300 4743 mem
1318 4695 1397 4743 hic
1419 4694 1599 4744 maios
1618 4696 1791 4756 accipi,
1810 4710 1900 4760 pro
1920 4695 2189 4746 umidam.
2507 4675 2607 4770 ffb:-
2720 4693 2743 4738 ,ι
2757 4689 2801 4734 ·›
