3059 5050
363 255 487 317 338

1385 243 1463 306 A.
1510 240 1805 305 HIRTII

448 395 800 476 auxiliaque
830 393 959 454 sine
988 391 1258 475 periculo
1289 390 1401 452 sibi
1433 411 1782 452 succurrere
1811 398 2089 471 possent:
2135 384 2254 448 tela
2281 397 2700 467 tormentaque
2739 405 2826 448 ex

447 483 704 544 navibus
733 480 796 540 in
826 494 1023 539 castra
1053 491 1453 560 comportare,
1507 476 1804 556 remigum
1862 488 2090 556 partem
2139 492 2213 532 ex
2264 470 2450 532 classe
2499 468 2829 533 Gallorum

450 564 961 644 Rhodiorumque
992 561 1516 645 Epibatarumque
1547 581 1804 636 armare,
1835 573 1893 620 et
1939 559 2000 618 in
2043 572 2240 618 castra
2291 577 2590 634 evocare3
2633 557 2739 633 uti,
2776 555 2830 616 si

454 663 673 733 posset,
727 648 935 710 eadem
992 649 1244 721 ratione,
1294 646 1416 727 qua
1444 646 1796 721 adversarii,
1827 644 1972 705 levis
1997 656 2302 703 armatura
2329 641 2640 720 interjecta
2671 642 2832 703 inter

369 738 408 799 5
453 736 679 816 equites
710 754 849 795 suos
880 733 1394 815 interponeretur:
1441 730 1861 811 sagitariisque
1898 749 1974 788 ex
2007 727 2287 788 omnibus
2332 726 2587 787 navibus
2629 723 2833 807 Ityre-

454 820 523 897 is,
553 819 769 901 Syriis,
801 833 860 880 et
889 820 1179 899 cujusque
1211 815 1448 897 generis
1478 816 1676 876 ductis
1729 816 1790 875 in
1840 828 2040 875 castra
2086 811 2517 894 compluribuS,
2548 810 2834 891 frequen-

453 907 625 966 tabat
649 925 786 965 suas
816 905 1044 986 copias.
1132 902 1440 963 Audiebat
1468 901 1649 975 enim,
1700 899 2047 982 Scipionem
2083 910 2221 979 post
2248 897 2404 957 diem
2435 896 2672 957 tertium
2699 898 2834 976 ejus

454 989 595 1066 diei,
622 1010 744 1070 quo
818 988 1054 1049 roelium
1086 987 1307 1048 factum
1340 999 1488 1061 erat,
1521 985 2031 1067 appropinquare,
2062 983 2272 1064 copias
2319 1000 2459 1042 suas
2509 1001 2645 1042 cum
2702 979 2835 1041 La·

454 1074 635 1134 bieno
664 1087 723 1136 et
808 1075 994 1134 etreio
1037 1073 1451 1152 conjungere:
1496 1071 1668 1149 cujus
1715 1071 1915 1151 copiae
1945 1067 2256 1148 legionum
2282 1086 2427 1127 vm.
2471 1079 2532 1127 et
2558 1066 2832 1147 equitum

378 1163 543 1223 101v.
577 1158 827 1219 millium
861 1179 987 1218 esse
1019 1158 1449 1218 nuntiabantur
1476 1175 1491 1214 ε
1540 1154 1811 1216 officinas
1840 1153 2117 1214 ferrarias
2172 1153 2459 1212 instruere
2487 1172 2507 1228 3
2551 1151 2836 1231 sagittas-

457 1264 573 1325 que
603 1261 661 1305 et
690 1243 809 1305 tela
841 1240 925 1304 uti
957 1243 1167 1303 fierent
1196 1241 1537 1324 complura,
1569 1260 1783 1300 curare
1809 1260 1827 1316 3
1873 1236 2126 1318 glandes
2159 1236 2426 1312 fundere,
2458 1235 2632 1296 sudes
2663 1256 2839 1297 com·

454 1350 695 1413 parare,
722 1328 946 1389 litteras
971 1329 1033 1388 in
1065 1326 1336 1396 Siciliam
1370 1326 1728 1405 nuntiosque
1760 1324 2010 1399 mittere,
2043 1336 2106 1383 ut
2136 1322 2247 1382 sibi
2273 1334 2466 1382 crates
2491 1320 2840 1382 materiem-

457 1435 575 1495 que
621 1425 1034 1491 congererent,
1067 1412 1145 1472 ad
1177 1412 1410 1485 arieteS,
1443 1411 1615 1489 cujus
1663 1409 1874 1491 inopia
1925 1408 1985 1468 in
2039 1406 2250 1468 Africa
2299 1420 2491 1466 esset:
2536 1422 2842 1488 praeterea

455 1498 676 1559 serrum
711 1498 1143 1595 plumbumque
1176 1497 1523 1570 mitteretur,
1574 1506 1633 1554 et
1663 1494 1930 1555 animum
1963 1491 2142 1553 etiam
2177 1492 2504 1567 avertebat,
2534 1489 2843 1553 frumento

377 1587 517 1646 l5se
550 1586 609 1643 in
640 1581 850 1643 Africa
878 1581 989 1647 nisi
1022 1580 1416 1663 importatitio
1439 1580 1522 1639 uti
1550 1601 1670 1640 non
1698 1598 1892 1660 posse.
1962 1576 2177 1638 Priore
2200 1576 2361 1637 enim
2387 1596 2568 1651 anno,
2589 1590 2843 1658 propter

457 1666 941 1731 adversariorum
985 1665 1272 1743 delectuS,
1305 1663 1468 1746 quod
1501 1663 1872 1746 stipendiarii
1905 1675 2172 1723 aratores
2203 1660 2416 1722 milites
2447 1676 2641 1722 essent
2670 1661 2840 1738 facti,

458 1774 707 1814 messem
742 1773 861 1812 non
887 1771 1044 1813 essse
1076 1750 1297 1811 saetam
1328 1771 1343 1809 :
1392 1764 1685 1833 praeterea
1716 1770 1791 1809 ex
1847 1748 2012 1809 omni
2057 1746 2267 1808 Africa
2312 1744 2676 1807 frumentum
2727 1748 2842 1808 ad-

456 1838 754 1899 versarios
786 1838 844 1898 in
872 1857 1070 1919 pauca
1096 1835 1319 1918 oppida
1347 1848 1406 1897 et
1427 1833 1586 1896 bene
1620 1833 1848 1895 munita
1872 1832 2303 1916 comportasse,
2351 1852 2712 1913 omnemque
2742 1853 2841 1893 re-

456 1924 700 2003 gionem
754 1921 983 1983 Africae
1040 1921 1383 1982 exinanisse
1456 1919 1794 1981 frumento:
1858 1918 2106 2001 oppida,
2161 1929 2381 2000 praeter
2439 1937 2637 1999 pauca
2697 1938 2841 1998 quae

372 2010 570 2091 ssoipsi
603 2008 722 2069 suis
754 2007 1049 2090 praesidiis
1076 2007 1227 2067 tueri
1260 2017 1556 2088 poterant,
1583 2003 1814 2086 reliqua
1844 2003 2000 2064 dirui
2035 2016 2214 2085 atque
2262 2001 2468 2078 deleri,
2517 2017 2576 2063 et
2624 2022 2841 2063 eorum

456 2092 688 2155 incolas
718 2092 876 2154 intra
918 2113 1026 2153 sua
1077 2091 1366 2173 praesidia
1413 2092 1691 2171 coegisse
1743 2088 2169 2169 commigrare,
2219 2109 2403 2169 agros
2450 2088 2714 2149 desertos
2762 2109 2842 2149 ac

454 2191 722 2240 vastatos
752 2198 896 2237 eSSe.

538 2260 723 2323 XXI.
770 2259 904 2323 Hac
936 2260 1284 2323 necessitate
1314 2259 1534 2322 Caesar
1562 2272 1828 2336 coactuS,
1859 2257 2127 2343 privatos
2157 2257 2503 2335 ambiend0,
2524 2270 2582 2319 et
2609 2256 2832 2319 blande

456 2346 843 2431 appellando.
876 2345 1315 2429 aliquantulum
1346 2346 1631 2407 frumenti
1663 2365 1977 2406 numerum
2011 2343 2070 2405 in
2103 2364 2211 2404 sua
2243 2343 2531 2426 praesidia
2579 2363 2836 2423 conges-

371 2438 656 2497 25serat:
701 2445 760 2493 et
805 2453 879 2493 eo
933 2431 1118 2514 parce
1153 2433 1447 2494 utebatur.

1538 2429 1747 2513 Opera
1777 2429 2011 2491 interim
2045 2429 2172 2511 ipse
2203 2428 2469 2510 quotidie
2499 2427 2839 2503 circumire,

453 2532 513 2580 et
543 2518 802 2580 alternas
849 2519 1127 2580 cohortes
1155 2518 1219 2580 in
1250 2517 1507 2579 statione
1541 2517 1759 2578 habere
1789 2530 2036 2599 propter
2065 2514 2323 2578 hostium
2374 2512 2839 2576 multitudinem.

456 2604 768 2665 Labienus
828 2603 1066 2664 saucios
1114 2623 1270 2677 sum,
1298 2639 1303 2646 ·
1332 2623 1590 2683 quorum
1649 2622 1933 2663 numerus
1987 2602 2286 2676 maximus
2345 2600 2476 2676 suit,
2540 2600 2721 2680 jubet
2778 2602 2844 2662 in

454 2687 695 2771 plostris
755 2685 1053 2767 deligatos
1106 2686 1507 2747 Adrumetum
1563 2686 1892 2770 deportari.

2008 2685 2216 2747 Naves
2276 2685 2508 2747 interim
2570 2683 2842 2747 Caesaris

453 2771 752 2835 onerariae
782 2771 1147 2833 errabundae
1181 2771 1338 2833 male
1371 2772 1775 2852 vagabantur,
1808 2771 2054 2833 incertae
2087 2771 2356 2832 locorum
2402 2787 2584 2852 atque
2614 2785 2842 2832 castro-

375 2864 591 2924 Sorum
625 2877 865 2917 suorum
892 2878 907 2916 τ
953 2878 1103 2937 quas
1134 2856 1404 2936 singulas
1436 2857 1682 2940 scaphae
1714 2856 2196 2918 adversariorum
2229 2856 2570 2939 complures
2603 2858 2840 2918 adortae

459 2942 850 3004 incenderant
871 2955 1051 3024 atque
1071 2955 1593 3026 expugnaverant.
1643 2940 1779 3004 Hac
1809 2963 1870 3003 re
1896 2943 2168 3004 nuntiata
2195 2941 2453 3024 Caesari,
2480 2941 2704 3002 classes
2724 2943 2841 3003 cir-

455 3049 593 3092 cum
616 3026 839 3088 insulas
904 3040 1189 3109 ortusque
1201 3028 1524 3111 disposuit3
1546 3027 1859 3109 quotutit'ts
1870 3043 2244 3089 commeatus
2264 3027 2606 3110 supportari
2617 3041 2839 3110 posset.

538 3111 752 3175 XXII.
801 3112 841 3173 ll
874 3159 887 3174 .
926 3112 1088 3175 Cato
1120 3114 1376 3190 interim,
1405 3115 1503 3194 qui
1564 3111 1764 3175 Uticae
1794 3127 2075 3196 praeerat,
2096 3111 2218 3174 Cn.
2251 3112 2613 3257 Pompeium
2648 3113 2838 3174 filium

456 3198 656 3260 multis
709 3198 930 3274 verbiS‚
986 3199 1345 3280 assidueque
1381 3200 1727 3286 ‘objurgare
1775 3220 1896 3260 non
1950 3199 2287 3260 desistebat.

2463 3219 2594 3274 uuS,
2625 3198 2838 3280 inquit,

374 3291 646 3366 35pater,
682 3284 831 3344 istuc
864 3286 1058 3344 aetatis
1085 3306 1266 3365 quum
1300 3298 1470 3358 esset,
1501 3297 1562 3344 et
1591 3284 2110 3345 animadvertisset
2151 3304 2339 3366 remp.
2395 3285 2474 3344 ab
2505 3284 2837 3345 audacibus

457 3368 877 3449 sceleratisque
908 3369 1140 3428 civibus
1174 3389 1543 3450 oppressam,
1579 3370 1890 3450 bonosque
1939 3383 2044 3431 aut
2090 3369 2452 3446 intersectoS,
2503 3383 2608 3430 aut
2649 3368 2835 3430 exilio

455 3452 738 3513 multatos
771 3452 965 3535 patria
988 3452 1348 3533 civitateque
1368 3475 1573 3514 carere
1598 3476 1616 3531 3
1662 3453 1860 3534 gloria
1889 3469 1948 3516 et
1971 3455 2155 3515 animi
2183 3455 2604 3534 magnitudine
2626 3453 2836 3531 elatus,

456 3539 745 3621 privatus,
807 3551 984 3618 atque
1038 3538 1540 3614 adolescentuluS,
1598 3540 1831 3621 paterni
1883 3539 2182 3601 exercitus
2231 3539 2495 3621 reliquiis
2547 3539 2839 3617 collectiS,

458 3623 614 3706 pene
649 3643 997 3705 oppressam
1026 3622 1294 3686 funditus
1346 3636 1406 3685 et
1453 3623 1714 3686 deletam
1764 3623 2030 3702 Italiam,
2085 3626 2416 3708 urbemque
2462 3624 2838 3701 Romanam,

434 3787 479 3831 5.
516 3786 715 3847 Byrria]
772 3786 941 3832 lturaea
963 3785 1060 3832 sive
1095 3787 1397 3833 Thraconitis
1438 3787 1572 3848 regio

370 3847 639 3894 Palestinae.
724 3850 798 3894 Ab
844 3849 1120 3908 Hegesippo
1172 3849 1345 3895 dicitur
1388 3850 1571 3906 Peraea,

372 3924 516 3968 quam
542 3910 720 3956 Plinius
744 3911 925 3969 asperis
957 3911 1220 3968 dispersam
1244 3911 1500 3967 montibus,
1522 3922 1570 3957 et

373 3971 402 4020 ὲ
436 3974 615 4019 Judaeis
659 3975 839 4019 caeteris
874 3973 1093 4019 Jordan«)
1136 3989 1276 4020 amne
1314 3975 1570 4020 discretam

371 4035 579 4092 scripsit,
602 4036 680 4080 lib.
708 4049 752 4081 v.

440 4098 510 4144 10.
549 4095 765 4159 Officium
782 4095 1015 4159 senarias
1056 4096 1317 4160 inumera]
1358 4099 1476 4145 Hoec
1499 4104 1590 4145 sei

371 4151 564 4218 quentia
588 4163 650 4206 ad
675 4161 914 4206 Cir-sarem
938 4162 1218 4206 referuntur.

435 4223 502 4268 lb.
535 4223 824 4284 Sag-istasque
847 4226 887 4269 et
916 4223 1007 4269 tela
1036 4222 1105 4268 uli
1121 4220 1295 4285 fierent
1317 4223 1571 4284 complura,

371 4285 570 4345 curare]
642 4285 739 4330 Nisi
780 4287 839 4330 ad
892 4284 1218 4331 Hellenisnum
1241 4287 1567 4346 confugiatur,

371 4346 663 4393 soloecismus
687 4347 921 4393 videbitur
954 4346 1060 4393 MS.
1082 4346 1276 4406 Regius,
1300 4348 1569 4394 Victorinus

369 4416 417 4453 et
441 4408 695 4515 it'iffioems
718 4417 1014 4469 pervetustus
1033 4410 1211 4456 habent
1226 4409 1426 4471 sag-illm,
1443 4411 1570 4468 quod

371 4483 494 4576 mem
531 4505 616 4602 .qu
635 4533 838 4596 arietes]
894 4533 1208 4594 Eligebantur
1230 4536 1292 4581 ad
1315 4534 1362 4580 id
1385 4535 1567 4581 abietes

372 4599 787 4715 “gfirl‘ldlecrnaaj
837 4657 998 4716 Lipsio
1020 4659 1206 4706 videtur
1239 4659 1569 4717 reponendum

1634 3787 1820 3844 alteras,
1837 3798 1883 3834 et
1906 3803 1990 3833 sex
2015 3787 2234 3846 perlectis
2254 3787 2397 3833 MSS.
2416 3786 2463 3832 in
2487 3788 2619 3834 nullo
2642 3788 2840 3846 reperiri

1634 3849 1835 3896 alternas
1856 3852 1940 3895 sed
1963 3851 2142 3897 alteras.
2207 3850 2375 3908 Neque
2409 3858 2569 3896 tamen
2610 3865 2708 3896 non
2733 3851 2839 3896 reti·

1634 3913 1840 3958 nendam
1866 3921 1980 3971 puto
1998 3921 2240 3969 receptam
2258 3912 2528 3967 lectionem,
2544 3925 2652 3971 quae
2665 3912 2838 3959 rationi

1635 3984 1681 4021 et
1705 3990 1817 4020 vero
1839 3974 2026 4020 videtur
2047 3974 2161 4019 mihi
2184 3974 2419 4033 proprior.

1697 4039 1773 4083 28.
1814 4037 2042 4107 Plostrt's]
2105 4037 2182 4084 Au
2217 4037 2264 4081 in
2299 4051 2326 4082 o
2365 4051 2489 4094 saepe
2532 4037 2838 4084 convertitur.

1638 4099 1818 4156 Saepius
1843 4099 2075 4161 platmru.
2139 4100 2214 4145 Ne
2235 4098 2428 4144 invalidi
2452 4107 2586 4144 motu
2617 4114 2680 4145 ex
2713 4100 2837 4145 vehi·

1634 4163 1741 4207 culo
1762 4171 2109 4207 excuterentur.
2286 4201 2291 4208 ,

1695 4224 1766 4270 34.
1803 4223 1947 4280 Tuus,
1969 4223 2137 4285 inquit,
2165 4226 2316 4284 paler,
2338 4221 2454 4268 istuc
2482 4223 2668 4284 centia]
2727 4224 2836 4270 Tes-

1633 4293 1797 4332 tantur
1821 4285 2024 4331 Velleius
2059 4285 2293 4331 Patet-cul.
2326 4293 2375 4331 ct
2406 4284 2694 4332 Plutarchus
2727 4295 2837 4332 tuuc

1635 4348 1778 4394 fnisse
1800 4357 1965 4394 natum
1990 4363 2130 4395 xxm.
2147 4348 2303 4403 annis,
2318 4345 2427 4394 etim
2450 4347 2667 4394 Carboni
2690 4349 2835 4396 obsis-

1633 4419 1734 4456 tere
1755 4410 1915 4469 coepit.

1694 4474 1770 4518 36.
1813 4472 2220 4520 Aninzadvertisset
2261 4471 2425 4534 remp-J
2479 4473 2658 4524 Quales
2701 4481 2838 4520 erant

1632 4535 1807 4591 Cinna,
1842 4535 2021 4589 Carbo,
2044 4537 2104 4581 de
2124 4534 2293 4594 quibus
2316 4535 2422 4580 vide
2455 4534 2766 4583 Plutarchum
2789 4536 2834 4581 in

1633 4597 1731 4644 w'ta
1751 4596 1986 4656 Pompeii,
2008 4598 2119 4643 item
2146 4597 2436 4656 Appianum,
2458 4598 2540 4643 lib.
2563 4611 2596 4647 1:
