3059 5050
403 222 532 282 272
1238 212 1364 278 DE
1407 210 1710 279 BELLO
1754 211 2034 280 CIVILI

491 384 752 447 numque
792 362 1009 426 nostris
1052 362 1248 425 attulit
1289 363 1758 425 incommodum.
1845 362 2030 441 Nam,
2069 374 2135 425 ut
2177 362 2254 424 ad
2283 383 2450 426 mare
2477 374 2709 425 nostrae
2752 384 2880 426 co·

490 450 690 513 hortes
722 471 801 511 ix.
837 448 1088 529 legionis
1117 450 1547 524 excubuerant,
1572 468 1871 509 accessere
1891 448 2086 509 subito
2108 446 2303 531 prima
2329 448 2462 510 luce
2481 446 2874 533 Pompeiani

495 531 853 621 [exercitus]
905 554 1214 614 novusque
1250 553 1455 594 eorum
1505 533 1794 594 adventus
1823 534 2077 610 exstitit3
2123 533 2413 614 simulque
2443 533 2704 595 navibus
2733 536 2876 596 cir-

490 620 785 682 cumvecti
816 617 1031 680 milites
1056 619 1120 679 in
1144 619 1500 679 anteriorem
1528 616 1750 678 vallum
1782 617 1898 678 tela
1914 619 2256 698 jaciebant:
2295 616 2588 699 fossaeque
2617 640 2874 700 aggere

410 710 449 767 5
494 704 978 788 complebantur:
1041 716 1100 763 et
1146 702 1482 783 legionarii,
1529 702 1824 763 interioris
1874 702 2217 763 munitionis
2263 701 2621 779 defensores,
2672 703 2874 765 scalis

494 790 771 863 admotis,
802 788 1228 869 tormentisque
1257 788 1545 869 cujusque
1575 787 1828 867 genem,
1877 787 2124 868 telisque
2152 789 2472 863 terrebant,
2502 808 2872 870 magnaque

491 873 811 935 multitudo
840 872 1287 953 sagittariorum
1312 873 1391 933 ab
1422 872 1671 952 utraque
1701 885 1870 954 parte
1898 870 2505 933 circumfundebatur.
2577 871 2869 935 Multum

491 973 689 1020 autem
733 959 812 1019 ab
842 958 964 1018 ictu
994 956 1284 1040 lapidum,
1328 956 1491 1038 quod
1522 976 1706 1017 unum
1737 956 1956 1017 nostris
1982 971 2110 1017 erat
2138 955 2342 1032 telum,
2385 956 2648 1018 viminea
2679 972 2870 1039 tegu-

493 1057 697 1104 menta
748 1041 935 1123 galeis
983 1042 1263 1126 imposita
1310 1041 1727 1103 defendebant.
1813 1039 2046 1121 Itaque,
2101 1062 2284 1122 quum
2339 1042 2614 1103 omnibus
2672 1045 2868 1105 rebus

412 1127 679 1193 10nostri
708 1139 1135 1211 premerentur,
1166 1143 1343 1208 atque
1391 1126 1562 1207 segre
1593 1126 1954 1187 resisterentt
2007 1126 2488 1187 animadversum
2517 1142 2605 1188 est
2631 1129 2865 1190 vitium

488 1213 853 1288 munitioniS,
902 1211 1064 1293 quod
1111 1232 1293 1293 supra
1338 1211 1805 1272 demonstratum
1854 1225 2002 1272 estz.
2033 1224 2212 1292 atque
2255 1211 2410 1272 inter
2445 1212 2598 1272 duos
2626 1213 2861 1289 vallOS,

394 1298 409 1305 ’
490 1298 611 1380 qua
641 1297 964 1380 perfectum
996 1316 1149 1380 opus
1178 1316 1300 1356 non
1346 1311 1493 1371 erat,
1541 1316 1648 1378 per
1691 1316 1854 1356 mare
1898 1296 2150 1357 navibus
2192 1297 2449 1378 expositi
2495 1297 2556 1357 in
2603 1320 2864 1360 aversos

490 1394 727 1444 nostros
756 1383 1043 1462 impetum
1075 1380 1369 1442 fecerunt:
1414 1394 1594 1462 atque
1622 1401 1700 1442 ex
1731 1381 1978 1463 utraque
2008 1380 2338 1442 munitione
2366 1381 2636 1463 dejectos
2677 1398 2864 1467 terga

488 1482 718 1528 vertere
755 1480 1109 1546 coegerunt.
1386 1522 1399 1533 ,

411 1557 485 1615 15
576 1550 813 1614 LXIV.
846 1546 985 1613 Hoc
1012 1550 1266 1613 tumultu
1297 1550 1590 1629 nuntiato,
1619 1548 2011 1613 Marcellinus
2033 1551 2310 1612 cohortes
2335 1552 2602 1614 sudsidio
2627 1555 2858 1618 nostris

488 1637 904 1699 laborantibus
953 1638 1282 1716 summisit3
1339 1658 1483 1719 quae
1521 1658 1598 1699 ex
1646 1636 1854 1698 castris
1896 1636 2186 1718 fugientes
2232 1638 2621 1720 conspicatae,
2653 1661 2860 1723 neque

489 1723 626 1789 illos
657 1745 766 1784 suo
798 1723 1057 1786 adventu
1088 1723 1446 1785 confirmare
1475 1735 1816 1806 potuerunt,
1847 1741 2040 1803 neque
2070 1721 2218 1804 ipsae
2248 1720 2507 1784 hostiurn
2556 1726 2856 1808 impetum

485 1808 766 1872 tulerunt.
832 1807 1042 1892 ltaque
1062 1811 1461 1892 quodcunque
1485 1808 1820 1869 addebatur
1844 1806 2130 1882 subsidi0,
2150 1806 2232 1882 id,
2256 1820 2604 1891 corruptum
2629 1811 2857 1874 timore

486 1893 862 1973 fugientium,
894 1910 1178 1957 terrorem
1210 1907 1269 1955 et
1296 1892 1625 1977 periculum
1653 1894 1932 1974 augebat.
2022 1888 2359 1953 Hominum
2389 1893 2546 1954 enim
2579 1895 2852 1958 multitu-

402 1980 626 2042 audine
656 1994 925 2063 receptus
956 1978 1410 2062 impediebatur.
1500 1975 1571 2039 ln
1604 1999 1676 2039 eo
1707 1976 1940 2060 proeli0‚
1973 1996 2156 2057 quum
2195 1977 2368 2057 gravi
2400 1976 2646 2041 vulnere
2697 1997 2852 2044 esset

486 2063 730 2127 affectus
778 2064 1070 2145 aquilifer,
1101 2078 1160 2124 et
1190 2062 1412 2124 viribus
1458 2062 1830 2138 deficeretur,
1860 2060 2240 2143 conspicatus
2286 2062 2514 2147 equites
2563 2079 2850 2143 nostros3

483 2146 686 2224 Hanc,
717 2170 854 2228 ego,
881 2147 1092 2229 inquit,
1123 2162 1182 2208 et
1212 2148 1382 2208 vivus
1410 2147 1628 2208 multos
1653 2167 1760 2229 per
1783 2166 1973 2207 annos
1999 2144 2222 2226 magnii
2245 2145 2560 2228 diligentia
2584 2150 2844 2229 defendi,

482 2246 542 2295 et
573 2254 729 2295 nunc
760 2231 1020 2294 moriens
1049 2230 1255 2293 eadem
1294 2231 1414 2294 fide
1461 2230 1699 2293 Caesari
1746 2231 2009 2293 restituo.
2096 2228 2323 2308 Nolite,
2354 2233 2628 2311 obsecro,
2679 2257 2844 2298 com-

482 2320 735 2394 mittere,
767 2318 929 2400 quod
974 2317 1115 2378 ante
1147 2317 1207 2378 in
1244 2318 1510 2378 exercitu
1558 2314 1823 2377 Caesaris
1871 2337 1992 2379 non
2042 2316 2281 2393 accidit,
2325 2332 2391 2377 ut
2434 2319 2519 2379 rei
2567 2319 2841 2383 militaris

396 2402 743 2464 25dedecus
774 2402 1152 2480 admittatur3
1198 2401 1675 2482 incolumemque
1702 2401 1779 2462 ad
1808 2422 1944 2463 eum
1970 2399 2196 2462 referte.
2271 2398 2411 2463 Hoc
2443 2423 2592 2464 casu
2615 2405 2844 2487 Aquila

478 2501 883 2564 conservatur,
915 2488 1196 2550 omnibus
1219 2487 1432 2571 primae
1462 2485 1727 2548 cohortis
1769 2486 2215 2549 centurionibus
2243 2485 2589 2566 interfectis»,
2619 2506 2842 2573 praeter

475 2574 666 2655 princi
750 2594 805 2632 m
835 2573 1114 2655 priorem.

562 2656 617 2717 L
686 2656 763 2717 V.
793 2654 1054 2737 Jamque
1080 2655 1463 2739 Pompeiani,
1488 2656 1716 2736 magna
1744 2656 1915 2718 caede
1946 2672 2301 2733 nostrorum,
2332 2659 2544 2719 castris
2574 2658 2839 2724 Marcel-

472 2742 578 2803 lini
610 2765 644 2803 a
690 2742 1195 2827 propinquabant,
1228 2763 1349 2812 non
1400 2739 1686 2802 mediocri
1717 2754 1943 2803 terrore
1972 2740 2140 2803 illato
2183 2741 2422 2823 reliquis
2463 2745 2835 2810 cohortibus.

388 2826 555 2893 3οΕῐ
597 2827 633 2889 h
671 2875 685 2890 .
716 2826 1037 2904 AntoniuS,
1086 2827 1188 2909 qui
1236 2825 1578 2910 proximum
1628 2825 1827 2887 locum
1875 2827 2114 2888 tenebat
2157 2827 2604 2910 praesidiorum,
2653 2833 2730 2894 es
2773 2854 2836 2896 re

469 2914 758 2991 nuntiata,
784 2935 921 2976 cum
946 2913 1295 2975 cohortibus
1322 2932 1431 2973 xit.
1459 2911 1825 2973 descendens
1849 2932 1926 2973 ex
1951 2909 2091 2972 loco
2119 2912 2425 2996 superiore
2452 2918 2829 2980 cernebatur.

470 2997 662 3078 Cujus
693 3000 981 3062 adventus
1011 2997 1420 3082 Pompeianos
1450 2996 1823 3079 compressit,
1856 3010 2207 3077 nostrosque
2251 2995 2531 3076 firmavit,
2565 3015 2631 3062 ut
2663 3022 2728 3063 se
2753 3024 2828 3064 ex

467 3086 736 3148 maximo
766 3086 979 3147 timore
1008 3084 1380 3163 colligerent.
1467 3079 1685 3162 Neque
1716 3080 1903 3142 multo
1935 3095 2070 3164 post
2116 3079 2352 3158 caesar,
2385 3084 2825 3164 significatione

466 3190 573 3250 per
600 3169 845 3231 castella
878 3168 1042 3230 fumo
1072 3168 1249 3244 sacta,
1284 3182 1347 3228 ut
1375 3179 1502 3228 erat
1533 3167 1852 3249 superioris
1878 3166 2162 3249 temporis
2185 3170 2580 3246 consuetudo,
2605 3171 2814 3232 deduc-

381 3253 538 3315 35tis
586 3253 943 3333 quibusdam
993 3253 1341 3314 cohortibus
1388 3272 1464 3312 ex
1512 3251 1831 3334 praesidiiS,
1868 3250 2077 3312 eodem
2125 3251 2306 3313 venit.
2396 3251 2542 3335 Qui,
2572 3255 2807 3334 cognito

463 3337 838 3411 detrimento,
872 3357 1053 3417 quum
1087 3335 1600 3397 animadvertisset
1629 3333 1989 3418 Pompeium
2019 3350 2192 3397 extra
2235 3337 2586 3401 munitiones
2611 3358 2806 3418 egres-

462 3439 615 3495 sum,
639 3433 836 3481 castra
865 3420 1190 3481 secundum
1220 3442 1401 3497 mare,
1426 3433 1492 3480 ut
1517 3419 1704 3481 libere
1731 3420 2006 3502 pabulari
2036 3433 2252 3518 posset,
2285 3439 2396 3484 nec
2427 3423 2618 3487 minus
2678 3423 2810 3486 adi-

461 3517 586 3566 tum
638 3505 889 3566 navibus
936 3505 1174 3578 habere,
1225 3504 1593 3567 commutata
1638 3503 1872 3566 r'atione
1918 3504 2078 3582 belh,
2109 3505 2395 3587 quoniam
2443 3509 2816 3595 propositum

460 3611 582 3651 non
612 3603 901 3666 tenuerat,
922 3593 1101 3670 juxta
1130 3588 1489 3672 Pompeium
1522 3589 1756 3651 munire
1788 3589 1988 3670 jussit.

373 3679 458 3738 40
543 3671 779 3736 LXVI.
812 3672 954 3755 Qua
984 3673 1243 3757 perfecta
1272 3674 1620 3749 munitione,
1653 3668 2131 3737 animadversum
2161 3687 2249 3737 est
2279 3675 2316 3737 a
2345 3679 2822 3760 speculatoribus

458 3758 743 3836 Caesaris,
793 3761 1068 3821 cohortes
1116 3759 1429 3839 quasdam,
1472 3758 1636 3839 quod
1669 3758 1854 3821 instar
1883 3759 2136 3841 legionis
2166 3760 2488 3839 videretur,
2518 3785 2650 3827 esse
2688 3780 2822 3849 post

455 3845 688 3923 silvam,
720 3858 778 3906 et
807 3857 1008 3906 vetera
1038 3857 1234 3905 castra
1264 3844 1424 3906 duci.
1485 3841 1843 3905 Castrorum
1871 3843 1965 3905 hic
1998 3844 2143 3905 situs
2166 3859 2312 3907 erat.
2389 3846 2820 3931 Superioribus

453 3930 684 4006 diebuS,
716 3950 899 4011 quum
931 3950 993 3989 se
1020 3949 1107 3990 ix.
1138 3928 1303 4010 legio
1332 3925 1601 3990 Caesaris
1630 3929 1943 4009 objecisset
1971 3926 2362 4014 Pompeianis
2390 3934 2608 4017 copiiS,
2641 3949 2820 4018 atque

428 4061 472 4105 9.
508 4059 577 4105 De.
604 4055 861 4117 evadebant]
896 4055 1229 4116 Pompeianos.
1623 4061 1837 4106 centurio
1859 4059 2103 4107 dicebatur
2125 4061 2254 4120 prior
2269 4064 2509 4122 princeps,
2532 4069 2819 4116 centuriam-

432 4121 504 4167 10.
586 4120 715 4166 ι’]ἑιωε
734 4118 1038 4179 munitionis]
1064 4121 1249 4178 Nempe
1262 4123 1391 4179 quod
1408 4120 1560 4166 vallus
1622 4135 1713 4179 que
1736 4130 1786 4166 et
1827 4122 1967 4168 semis
2005 4125 2224 4180 ducebat,
2269 4133 2390 4172 teste
2407 4127 2628 4188 Vegetio,
2659 4130 2745 4177 lib.
2766 4147 2815 4178 n.

364 4187 662 4227 mnas-ersus
685 4188 850 4227 contra
876 4196 1022 4237 mare,
1059 4182 1137 4239 qui
1162 4182 1281 4228 alios
1302 4185 1423 4229 duos
1443 4196 1557 4230 con·
1618 4196 1726 4239 cap.
1746 4186 1792 4229 8.
1859 4183 2086 4244 Princeps
2109 4195 2266 4232 autem
2288 4188 2422 4246 prior
2456 4190 2714 4239 dicebami-
2742 4193 2817 4239 ille

358 4239 597 4299 jungeret.
615 4258 710 4289 non
733 4252 858 4290 esset
884 4245 1135 4300 perfectus.
1618 4251 1831 4290 centurio
1869 4246 2132 4306 principum
2170 4249 2248 4308 qni
2298 4265 2358 4295 ex
2401 4253 2588 4300 duobus
2625 4265 2816 4302 creatus

390 4360 401 4372 ·
424 4301 499 4347 25.
536 4303 636 4350 Ηόο
670 4317 775 4352 casu
811 4304 983 4367 Aquila
1024 4306 1349 4366 conservatur]
1386 4306 1557 4364 Aquila
1617 4315 1721 4351 erat
1743 4305 1886 4363 prior.
1951 4309 2091 4366 Nam,
2134 4319 2184 4356 ut
2217 4312 2284 4360 ait
2307 4311 2551 4374 Polybius,
2594 4317 2703 4363 due
2737 4319 2812 4364 fie-

363 4374 548 4420 sigunm
586 4364 786 4425 legionis
824 4367 928 4424 fuit,
968 4381 1072 4426 quai
1107 4367 1247 4414 unica
1284 4367 1332 4413 in
1369 4367 1554 4430 sing-ulfi
1617 4369 1734 4414 bant
1768 4367 2023 4417 electiones
2057 4373 2386 4423 centurionum
2409 4376 2436 4423 a
2457 4378 2662 4425 tribunis
2695 4379 2813 4425 mili·

362 4421 544 4496 quflqne
583 4437 681 4472 erm
707 4429 907 4488 legione,
1615 4437 1729 4475 tum.
1795 4429 1956 4478 Prima
1991 4432 2159 4480 electio
2196 4443 2301 4482 erat
2337 4437 2634 4497 honorafidr,
2665 4456 2811 4500 unque

370 4501 381 4554 j
421 4484 500 4528 20.
537 4485 759 4554 Omnibus
791 4490 950 4548 primae
992 4492 1182 4554 cohortis
1214 4491 1554 4540 stillationibus
1615 4506 1689 4546 eo,
1732 4500 1783 4540 ut
1820 4493 2026 4540 consiliis
2048 4510 2150 4554 quae
2186 4497 2248 4543 de
2281 4497 2408 4545 bello
2443 4502 2626 4549 fiebant
2669 4503 2810 4549 inter·

360 4543 625 4616 uitasset-u,
657 4546 764 4607 em]
801 4553 959 4597 ,Beate
980 4563 1027 4598 et
1050 4557 1219 4600 robore
1240 4553 1389 4599 adulti
1412 4568 1550 4598 voca·
1613 4562 1802 4600 essent:
1836 4555 1977 4613 hique
1999 4569 2158 4605 rursus
2180 4559 2300 4607 alios
2317 4566 2621 4612 centuriones
2643 4579 2808 4612 secun-

356 4607 534 4659 hantur
560 4618 610 4652 m
644 4609 841 4657 cohorte
871 4613 1125 4672 principes,
1146 4629 1347 4674 quorum
1368 4614 1550 4672 primus
1611 4615 1700 4663 dos
1721 4625 1954 4664 aeaoent.
