3059 5050
380 277 510 342 ΒΜ

1410 265 1490 328 Α.
1539 263 1835 329 HIRTII

465 417 908 485 interfecerunt.
994 413 1069 479 In
1117 434 1242 499 quo
1294 435 1551 477 numero
1602 413 1718 477 suit
1767 412 2011 476 Tullius
2049 411 2255 491 Rufus
2308 416 2670 498 quaestorius
2690 439 2716 479 τ
2757 417 2878 501 qui

464 506 594 592 pilo
648 505 1003 586 transjectus
1055 499 1332 564 consulto
1383 500 1421 562 a
1472 499 1663 562 milite
1719 499 1959 562 interiit.
2065 499 2219 562 Item
2272 500 2604 585 Pompeius
2655 502 2886 566 Rufus

465 591 786 655 brachium
817 588 1025 673 gladio
1054 606 1392 672 percussuS,
1423 584 1540 647 nisi
1569 584 1844 648 celeriter
1896 585 1973 648 ad
2023 583 2339 649 Caesarem
2399 589 2882 667 adcucurrissess

469 675 814 741 interfectus
840 688 1011 736 esset.
1100 670 1247 753 Quo
1279 671 1442 734 facto
1472 670 1819 754 complures
1848 670 2077 753 equites
2117 669 2390 735 Romani
2438 688 2886 758 senatoresque

386 768 427 828 5
471 761 769 849 perterriti
797 781 874 822 ex
906 757 1126 843 proelio
1158 778 1220 819 se
1246 772 1650 840 receperunt3
1695 778 1773 818 ne
1803 756 1842 818 a
1884 756 2194 834 militibus,
2242 757 2346 840 qui
2395 780 2474 820 ex
2522 760 2691 822 tanta
2736 761 2882 822 vic-

471 848 631 912 toria
674 844 979 908 licentiam
1011 843 1128 905 sibi
1174 842 1637 925 assumpsissent
1688 841 2089 904 immoderate
2143 844 2459 926 peccandi,
2508 845 2588 906 im

470 947 718 1019 propter
769 929 1072 992 maximas
1118 949 1212 991 res
1265 940 1488 1010 gestas,
1544 926 1658 1012 ipsi
1708 948 1831 1011 quo
1876 949 1950 989 ue
1995 927 2495 991 interficerentur.

470 1038 679 1081 omnes
721 1014 828 1078 Sci
875 1014 1031 1079 ionis
1078 1013 1317 1091 milites,
1371 1033 1559 1095 quum
1609 1013 1787 1075 fidem

2745 860 2884 947 ‘⁸3²

2616 944 2806 1015 taque
2829 954 2884 994 u

1902 1013 2110 1075 aesaris
2157 1013 2573 1098 implorarent,
2624 1018 2880 1101 inspec-

470 1117 635 1167 tante
662 1102 797 1187 ipso
828 1037 1102 1178 gaesare,
1126 1114 1188 1162 et
1217 1099 1256 1161 ὸ,
1285 1098 1576 1162 militibus
1599 1100 1964 1182 deprecante
1993 1099 2079 1161 eis
2103 1098 2190 1163 uti
2213 1115 2554 1183 parcerent,
2579 1103 2658 1164 ad
2678 1123 2879 1165 unum

394 1194 612 1256 lesum
641 1186 959 1250 interfecti.

554 1268 872 1338 LXXXV
874 1269 927 1336 1.
973 1268 1193 1333 Caesar
1215 1270 1388 1332 trinis
1418 1269 1630 1333 castris
1658 1269 1905 1353 potitus,
1936 1269 2271 1353 occisisque
2300 1270 2563 1334 hostium
2593 1291 2651 1333 x.
2685 1273 2878 1336 milli·

469 1360 605 1436 bus,
657 1357 1003 1441 fugatisque
1054 1355 1491 1440 compluribuS,
1547 1376 1610 1418 se
1662 1355 1907 1440 recepit,
1939 1376 1999 1418 L.
2029 1354 2320 1418 militibus
2352 1358 2606 1435 amissis,
2652 1360 2878 1443 paucis

472 1444 715 1523 sauciis,
745 1444 808 1506 in
838 1457 1077 1506 castra:
1123 1463 1196 1504 ac
1228 1441 1429 1504 statim
1460 1462 1540 1504 ex
1588 1441 1798 1503 itinere
1831 1455 1970 1503 aute
2018 1441 2314 1525 oppidum
2367 1440 2688 1527 Thapsum
2718 1465 2879 1508 con-

475 1530 625 1593 stitit
648 1550 669 1609 ;
689 1514 1185 1613 ⁸elephantosq'ue
1218 1546 1383 1590 thv.
1416 1540 1666 1615 ornatos
1687 1539 2074 1609 armatosque
2098 1547 2236 1589 cum
2258 1528 2522 1590 turribus
2545 1550 2880 1593 ornamen-

397 1617 672 1699 15tisque
691 1614 876 1699 capit,
897 1630 1109 1697 captos
1131 1628 1270 1675 ante
1296 1611 1592 1696 oppidum
1619 1612 1942 1674 instructos
1961 1612 2308 1675 constituit:
2355 1613 2418 1676 id
2443 1614 2559 1677 hoc
2589 1616 2878 1693 consilio,

475 1724 537 1787 si·
556 1713 759 1785 posset
799 1697 1131 1801 Vergilius,
1160 1698 1407 1781 -quique
1436 1719 1577 1760 cum
1602 1720 1677 1759 eo
1702 1698 2158 1775 obsidebantur,
2189 1698 2274 1759 rei
2308 1699 2468 1761 male

2501 1714 2691 1782 gestae
2731 1723 2878 1764 suo·

474 1808 610 1853 rum
642 1785 869 1848 indicio
901 1807 938 1847 a
969 1783 1308 1867 pertinacia
1336 1783 1576 1846 deduci.
1663 1782 1907 1847 Deinde
1961 1783 2089 1867 ipse
2126 1782 2469 1866 Vergilium
2519 1786 2878 1870 appellavit,

476 1872 872 1954 invitavitque
902 1870 982 1933 ad
1011 1869 1404 1945 deditionem,
1451 1890 1742 1951 suamque
1773 1868 2078 1931 lenitatem
2110 1885 2170 1933 et
2192 1869 2574 1933 clementiam
2603 1892 2880 1935 comme-

477 1957 757 2020 moravit.
851 1954 1053 2037 Quem
1127 1970 1404 2037 ostquam
1439 1955 1867 2017 animadvertit
1914 1976 2266 2037 responsum
2299 1955 2412 2018 sibi
2443 1978 2568 2018 non
2590 1958 2763 2035 dare,
2797 1961 2880 2020 ab

393 2042 708 2127 200ppido
739 2041 1001 2104 recessit.

1148 2055 1350 2103 ostero
1375 2040 1494 2117 die,
1526 2040 1738 2102 divina
1766 2061 1829 2102 re
1873 2039 2053 2117 sacta,
2084 2040 2380 2104 concione
2432 2042 2758 2120 advocata,
2817 2046 2880 2106 in

477 2141 808 2212 conspectu
826 2126 1273 2227 oppidanorum
1304 2125 1521 2187 milites
1546 2125 1897 2188 collaudat:
1946 2139 2258 2210 totumque
2281 2129 2612 2190 exercitum
2639 2144 2882 2192 vetera-

478 2234 622 2275 num
655 2213 926 2276 donavit.
1014 2210 1288 2273 Praemia
1314 2210 1639 2287 fortissimo
1664 2211 1905 2293 cuique,
1937 2233 2008 2273 ac
2063 2212 2220 2275 bene
2275 2213 2546 2290 merenti,
2584 2235 2700 2297 pro
2729 2236 2882 2297 sug-

481 2310 657 2382 gestu
682 2298 908 2360 tribuit.
994 2296 1092 2359 Ac
1135 2296 1335 2363 statim
1364 2297 1504 2358 inde
1535 2296 1861 2378 digressu3‚
1911 2297 1991 2359 C.
2045 2296 2309 2360 Rebello
2338 2300 2704 2381 proconsule
2734 2322 2878 2362 cum

480 2405 584 2448 111.
617 2385 695 2448 ad
722 2380 1047 2467 Thapsum
1077 2381 1443 2465 legionibuS,
1468 2395 1528 2444 et
1548 2382 1669 2445 Cn.
1697 2381 1975 2445 Domitio
2000 2405 2139 2445 cum
2167 2405 2239 2446 11.
2266 2381 2534 2462 Tisdrae,
2566 2385 2672 2448 ubi
2703 2384 2880 2448 Con-

396 2469 668 2533 25sidius
697 2482 980 2556 praeerat,
1012 2467 1091 2532 ad
1123 2467 1525 2532 obsidendum
1558 2467 1803 2546 relictis,
1835 2467 1925 2532 M.
1957 2467 2225 2532 Messala
2253 2467 2501 2534 Uticam
2542 2486 2687 2534 ante
2715 2494 2880 2557 prae·

482 2557 687 2632 miSSO,
717 2576 856 2618 cum
888 2555 1159 2637 equitatu
1191 2555 1318 2639 ipse
1344 2555 1561 2616 eodein
1593 2555 1706 2617 iter
1736 2554 1937 2618 facere
1968 2556 2300 2618 contendit.
2335 2603 2338 2606 ψ

564 2637 968 2704 LXXXVII.
1033 2638 1291 2721 Equites
1337 2640 1576 2701 interim
1632 2639 1960 2723 Scipioni&
2009 2642 2112 2723 qui
2158 2662 2238 2704 ex
2289 2641 2510 2725 proelio
2574 2642 2880 2726 firgerant,

478 2745 667 2807 quum
698 2722 947 2786 Uticam
980 2724 1185 2786 versus
1233 2724 1345 2786 iter
1374 2723 1660 2801 facerent,
1708 2727 2069 2808 perveniunt
2109 2726 2187 2788 ad
2219 2727 2513 2874 opfpidum
2545 2727 2880 2806 Pal-adam,

483 2811 609 2888 ubi,
640 2830 827 2909 quum
874 2812 953 2872 ab
1000 2808 1215 2871 incolis
1261 2830 1385 2871 non
1435 2809 1861 2893 reciperentur,
1901 2810 2039 2873 ideo
2071 2811 2237 2894 quod

2313 2835 2454 2875 ama
2499 2814 2577 2876 de
2624 2816 2886 2878 victoria

400 2894 752 2962 soCaesans
782 2894 1307 2980 praecucurrisset3
1350 2895 1411 2957 vi
1442 2895 1675 2979 oppido
1707 2896 1902 2979 potiti,
1933 2897 1996 2959 in
2028 2899 2233 2959 medio
2263 2897 2397 2960 foro
2421 2898 2607 2982 lignis
2630 2922 2884 2964 coacer-

482 2983 659 3060 vatis,
689 2982 1089 3065 omnibusque
1118 2982 1297 3043 rebus
1324 3002 1534 3043 eorum
1566 2982 1891 3063 congestiS,
1924 2982 2124 3064 ignem
2157 2983 2500 3066 subjiciunt,
2540 3002 2726 3067 atque
2756 2990 2884 3070 ejus

484 3068 696 3153 oppidi
751 3066 985 3131 incolas
1026 3067 1320 3150 cujusque
1367 3066 1626 3149 generiS,
1676 3068 2012 3150 oetatisque‚
2055 3069 2247 3146 vivos,
2292 3072 2780 3154 constrictosque
2825 3075 2885 3135 in

486 3153 796 3217 flammam
826 3152 1179 3236 conjiciunt,
1212 3166 1391 3236 atque
1414 3153 1502 3234 ita
1528 3153 1917 3216 acerbissimo
1943 3154 2211 3216 afficiunt
2242 3175 2353 3239 sup
2399 3155 2562 3218 licio.
2639 3155 2885 3221 Deinde

486 3241 762 3323 protinus
789 3236 1038 3301 Uticam
1072 3240 1445 3322 perveniunt.
1536 3236 1624 3300 Su
1706 3239 1864 3300 riore
1895 3254 2164 3322 tempore
2193 3238 2285 3303 M.

2391 3255 2516 3318 at0‚
2546 3243 2716 3325 quod
2749 3242 2884 3306 Uti-

404 3325 765 3388 ascensibus
791 3338 1039 3408 propter
1061 3324 1423 3386 beneficium
1448 3323 1603 3405 legis
1669 3323 1811 3386 uliae
1835 3324 2052 3407 parum
2079 3325 2140 3386 in
2167 3325 2288 3387 suis
2311 3326 2586 3410 partibus
2610 3329 2883 3411 praesidii

485 3430 614 3470 esse
661 3409 1131 3486 existimaverat,
1181 3407 1416 3492 plebem
1466 3408 1755 3470 inermem
1788 3410 2018 3492 oppido
2064 3410 2342 3490 ejecerat,
2372 3426 2433 3473 et
2462 3427 2602 3475 ante

2640 3431 2882 3498 portam

485 3490 788 3556 Bellicam
819 3494 1030 3556 castris
1061 3492 1339 3575 fossaque
1370 3492 1626 3576 parvula
1654 3493 1956 3557 duntaxat
1984 3497 2302 3574 munierat,
2332 3497 2558 3580 ibique,
2589 3500 2883 3563 custodiis

488 3576 899 3655 circumdatis,
943 3579 1219 3641 habitare
1246 3581 1580 3660 coegerat,
1625 3592 1898 3641 senatum
1930 3596 2128 3643 autem
2161 3582 2372 3666 oppidi
2402 3584 2688 3648 custodia
2717 3601 2882 3649 tene-

487 3664 613 3727 bat.
700 3662 936 3727 Eorum
981 3679 1182 3726 castra
1212 3664 1253 3726 ii
1284 3664 1513 3747 equites
1557 3665 1754 3727 adorti
1784 3687 2142 3750 expugnare
2171 3682 2506 3751 coeperunt,
2544 3670 2686 3733 ideo
2721 3670 2888 3755 quod

465 3823 513 3869 2.
538 3821 787 3885 Pompeius
801 3821 954 3887 Rufus
975 3822 1211 3871 &achima
1238 3823 1400 3886 gladio
1426 3835 1611 3888 petuo-

403 3886 514 3996 :lunj
553 3884 746 3931 Phrasis
763 3885 951 3943 Graeca,
966 3886 1044 3933 cui
1065 3887 1313 3933 brachium
1331 3885 1487 3935 suerat
1508 3888 1612 3951 gla-

441 3964 485 3994 ιο
510 3961 804 4007 percussum.

466 4013 512 4057 5.
561 4010 653 4069 Qui
681 4022 739 4056 ex
771 4011 904 4059 lanua
934 4009 1130 4060 victoria
1160 4010 1392 4060 licentiam
1423 4013 1512 4061 sibi
1543 4028 1613 4061 as-

403 4087 505 4122 sum
537 4073 690 4119 sissent
720 4070 1017 4120 immoderate
1035 4073 1274 4136 peccandi,
1294 4074 1611 4140 impunitate]

405 4135 501 4183 Nun
522 4151 576 4181 us
608 4142 681 4181 est
703 4136 933 4182 orationis
965 4138 1102 4193 ordo,
1135 4151 1277 4194 quem
1304 4153 1365 4184 ex
1395 4139 1489 4185 tide
1510 4153 1611 4187 ma-

402 4199 758 4256 nuscriptorum
800 4194 1061 4258 Regiorum
1106 4199 1268 4254 trium,
1300 4201 1613 4248 'l'huanorum

405 4261 607 4307 duorum
637 4268 687 4305 et
721 4257 951 4307 Victorini
973 4261 1111 4308 unius
1143 4262 1212 4308 sic
1234 4262 1462 4311 restituo:
1518 4264 1614 4324 Qui

406 4337 463 4370 ex
500 4322 634 4370 tanta
666 4321 860 4370 victora
884 4322 1120 4371 nuntiam
1153 4323 1242 4371 eibi
1273 4325 1615 4389 σεωηιρείεκηε

404 4382 699 4432 immoderate
717 4384 938 4446 peccandi
958 4384 1266 4449 impunitatis.

467 4449 515 4490 8.
560 4446 715 4504 Qum
731 4445 887 4509 fidem
909 4448 1103 4497 Coeum‘s
1123 4448 1463 4512 implorarant]
1519 4449 1612 4497 lm·

406 4504 613 4561 plorare,
635 4516 709 4554 est
730 4511 959 4557 auxilium
981 4511 1401 4559 cummiseratione
1438 4514 1611 4574 depos·

405 4579 530 4611 cere.

475 4625 547 4670 13.
558 4626 626 4672 Ac
645 4628 799 4699 statim
822 4646 880 4678 ex
896 4633 1059 4682 iliam
1082 4641 1189 4683 ante
1211 4636 1433 4698 oppidum
1456 4637 1612 4700 Thap-

405 4698 504 4733 mm
523 4691 760 4752 mum]
815 4693 931 4742 Sine
953 4698 1205 4756 machinis,
1225 4700 1339 4747 solis
1358 4699 1503 4748 scalis
1525 4701 1612 4747 ad·

1676 3826 1814 3872 motis
1836 3835 2100 3888 oppugnat.

1735 3890 1814 3934 22.
1839 3890 1932 3936 Pro
1952 3890 2207 3952 suggestu]
2243 3891 2398 3938 Locus
2419 3900 2527 3940 erat
2547 3892 2744 3952 editior,
2760 3896 2890 3942 unde

1674 3952 1829 3997 oratio
1852 3952 2136 4011 habebatur,
2168 3952 2276 4001 ideo
2306 3955 2480 4013 dictus,
2510 3957 2625 4014 quin
2658 3971 2886 4019 suggere-

1675 4016 1852 4062 bantur
1873 4016 2007 4076 ligua
2027 4023 2077 4062 et
2095 4015 2207 4063 alia.

1737 4078 1816 4123 28.
1849 4077 2128 4138 Pau-odam]
2180 4079 2354 4126 Strabo
2386 4079 2599 4129 Pharum
2623 4091 2787 4140 vocnt,
2807 4081 2886 4130 ms.

1676 4153 1798 4187 xvn.

1736 4202 1815 4247 35.
1847 4201 2048 4264 Propter
2065 4201 2338 4266 beneficium
2353 4204 2672 4268 legis-Iulia]
2720 4207 2889 4255 cm

1675 4263 1832 4325 legem
1854 4264 2045 4322 tulerat,
2077 4266 2172 4324 qua
2209 4268 2471 4314 cavebatur
2506 4283 2569 4314 ne
2603 4270 2802 4329 populis
2833 4270 2886 4316 li-

1677 4325 1805 4372 beris
1826 4340 1914 4373 sua
1945 4326 2139 4374 libertas
2172 4328 2482 4387 adimeretur,
2502 4333 2887 4393 vertunturque

1677 4388 1987 4449 mag-istratus
2005 4388 2211 4436 Romani
2225 4405 2334 4437 eam
2352 4392 2730 4453 violareffluale·
2748 4403 2889 4441 erm

1675 4451 1894 4526 civitates
1917 4451 2129 4509 Acbaioe,
2150 4452 2431 4512 Thessalia,
2451 4462 2501 4503 et
2531 4455 2731 4515 relique
2755 4457 2888 4504 Grn-

1674 4527 1774 4559 cie.

1735 4575 1815 4621 36.
1845 4574 1964 4623 Ante
1974 4581 2162 4638 ponam
2181 4576 2446 4641 Boutae-n]
2481 4579 2559 4628 Eo
2574 4581 2776 4629 nomine
2797 4580 2894 4628 tuit

1673 4645 1817 4698 porta
1849 4637 2010 4687 Utica.
