3059 5050
385 268 505 329 1¹38
1166 260 1290 324 DE
1334 260 1639 355 BELLO
1686 260 2077 325 GALLICO

467 425 527 475 et
568 421 913 491 angustum,
959 408 1080 490 qua
1107 424 1258 471 essct
1288 410 1485 472 aditus
1516 409 1594 471 ad
1626 409 1875 471 alteram
1913 422 2145 492 partem
2177 409 2416 493 oppidi:
2459 412 2849 477 vehementer

466 496 610 560 huic
641 494 776 555 illos
804 494 944 556 loco
975 494 1211 573 timere3
1256 515 1367 556 nec
1382 495 1520 575 jann
1551 493 1725 556 aliter
1768 495 2003 571 sentire,
2053 515 2174 555 uno
2214 494 2369 555 colle
2418 498 2497 557 ab
2543 496 2849 561 Romanis

471 593 792 663 occupato,
825 578 872 640 si
904 578 1156 641 alterum
1205 579 1560 655 amisissent,
1594 578 1754 660 -quin
1784 578 1940 662 pene
1966 579 2423 656 circumvallati,
2471 594 2652 664 atque
2679 584 2849 645 omni

472 665 640 727 exitu
668 678 729 727 et
755 663 1147 747 pabulatione
1175 664 1480 725 interclusi
1505 664 1867 725 viderentur.
1924 664 2025 726 Ad
2050 665 2210 725 hunc
2229 666 2619 728 muniendum
2644 667 2849 729 locum

393 759 432 816 «Β
477 770 686 814 omnes
717 749 756 811 ὁ,
777 747 1281 829 Vercingetorige
1310 761 1612 811 evocatos.

560 830 766 897 XLV.
814 832 953 896 Hac
983 855 1048 895 re
1076 832 1342 914 cognita,
1375 832 1592 897 Caesar
1620 834 1801 895 mittit
1827 833 2168 918 complures
2197 835 2462 916 equitum
2506 848 2734 898 turmas
2774 837 2849 899 eo

476 921 554 983 de
595 920 795 982 media
824 931 1038 981 nocte:
1084 919 1156 979 iis
1182 918 1455 1002 imperat,
1487 931 1554 980 ut
1589 919 1795 1001 paullo
1818 918 2243 981 tumultuosius
2285 919 2561 983 omnibus
2606 922 2669 983 in
2700 921 2853 984 locis

478 1018 903 1090 pervagentur.
966 1002 1179 1065 Prima
1200 1001 1335 1065 luce
1365 1024 1655 1085 magnum
1682 1024 1994 1066 numerum
2025 1004 2584 1087 impedimentorum
2616 1028 2695 1068 ex
2720 1028 2856 1070 cas·

480 1090 586 1152 tris
634 1088 1053 1171 mulorumque
1099 1088 1376 1171 produci,
1419 1089 1614 1171 deque
1664 1089 1738 1150 iis
1784 1102 2110 1151 stramenta
2141 1090 2395 1167 detrahi,
2441 1090 2858 1175 mulionesque

404 1179 620 1239 lOcum
664 1175 1017 1251 cassidibus,
1061 1175 1327 1255 equitum
1378 1174 1576 1273 specie
1620 1195 1693 1236 ac
1751 1174 2147 1250 simulatione,
2194 1173 2449 1236 collibus
2488 1175 2861 1238 circumvehi

467 1260 665 1342 jubet.
706 1257 822 1321 His
846 1278 1077 1342 paucos
1101 1259 1271 1321 addit
1298 1271 1546 1341 equites,
1572 1260 1675 1342 qui
1694 1258 1871 1320 latius
1895 1258 2309 1320 ostentationis
2328 1260 2540 1321 caussa
2557 1280 2861 1343 vagaren-

485 1358 600 1407 tur.
675 1342 901 1426 Longo
921 1345 1174 1405 circuitu
1198 1344 1436 1406 easdem
1459 1365 1667 1406 omnes
1683 1345 1862 1427 jubet
1884 1359 2084 1446 petere
2108 1344 2402 1425 regiones.
2464 1342 2622 1406 Haec
2642 1345 2863 1429 procul

484 1451 562 1492 ex
593 1430 823 1513 oppido
867 1428 1245 1505 videbantur,
1289 1442 1356 1489 ut
1383 1442 1512 1490 erat
1540 1430 1578 1491 a
1609 1428 1920 1510 Gergovia
1947 1429 2259 1511 despectus
2303 1429 2364 1490 in
2395 1444 2622 1491 castra:
2667 1451 2864 1512 neque

485 1528 655 1579 tanto
680 1513 896 1597 spatio,
926 1512 1075 1574 certi
1104 1513 1248 1595 quid
1279 1526 1452 1588 esset,
1482 1512 1793 1596 explorari
1822 1527 2076 1597 poterat.
2166 1511 2503 1595 Legionem
2546 1536 2725 1577 unam
2758 1537 2866 1577 eo-

409 1600 624 1666 l5dem
641 1599 802 1682 jugo
826 1597 1023 1673 mittit,
1055 1610 1115 1659 et
1137 1596 1816 1744 paullurplprogressam
1848 1597 2129 1659 inferiore
2155 1597 2297 1661 loco
2320 1599 2645 1677 constituit,
2671 1599 2868 1662 silvis-

489 1707 605 1768 que
635 1680 915 1745 occultat.
1002 1682 1281 1764 Augetur
1308 1681 1366 1743 G
1455 1683 1503 1743 's
1548 1683 1830 1766 suspicio,
1876 1696 2055 1764 atque
2093 1704 2299 1746 omnes
2328 1683 2434 1746 illo
2465 1686 2868 1747 munitionum

488 1763 687 1853 copiae
713 1767 1197 1830 transducuntur.
1285 1765 1504 1828 Vacua
1531 1781 1735 1829 casu-a
1764 1767 2019 1829 bostium
2052 1767 2271 1830 Caesar
2298 1771 2698 1854 conspicatuS‚
2741 1786 2869 1831 tec-

489 1854 565 1917 tis
595 1854 934 1934 insignibus
983 1873 1248 1929 suorum,
1299 1852 1733 1933 occultatisque
1774 1852 1962 1933 signis
2004 1853 2380 1931 militaribus,
2428 1876 2595 1916 raros
2627 1855 2869 1933 militeS,

488 1961 566 2002 ne
585 1961 663 2003 ex
688 1960 726 1999 o
770 1938 918 2022 pido
949 1937 1586 2013 animadverterentur,
1612 1958 1691 1999 ex
1721 1937 2051 2019 majoribus
2081 1938 2291 2000 castris
2320 1939 2383 2001 in
2408 1941 2645 2001 minora
2671 1957 2871 2001 trans-

405 2025 685 2089 aoducit:
728 1959 1086 2105 iegatisque,
1117 2043 1269 2104 quos
1294 2023 1548 2103 singulis
1576 2022 1919 2103 legionibus
1943 2022 2313 2106 praefecerat,
2335 2024 2480 2106 quid
2508 2026 2638 2086 fieri
2668 2026 2869 2102 vellet,

494 2109 772 2172 ostendit.
860 2106 935 2168 In
965 2107 1174 2189 primis
1199 2121 1423 2183 monet,
1455 2120 1520 2168 ut
1549 2107 1898 2169 contineant
1930 2107 2167 2185 milites,
2198 2129 2274 2170 ne
2303 2110 2502 2171 studio
2532 2110 2872 2194 pugnandi,

493 2209 597 2257 aut
625 2212 730 2275 spe
804 2191 992 2253 raedoe
1023 2189 1264 2270 longius
1292 2190 1783 2273 progrediantur.
1870 2189 2054 2272 Quod
2085 2193 2367 2277 iniquitas
2391 2194 2509 2257 loci
2535 2197 2757 2258 babeat
2779 2196 2872 2256 in-

491 2297 691 2341 comm
778 2276 817 2352 i,
863 2274 1179 2359 proponit:
1226 2276 1340 2336 hoc
1373 2276 1493 2337 una
1537 2274 1839 2338 celeritate
1886 2294 2062 2360 posse
2112 2279 2319 2340 vitari:
2363 2281 2699 2342 occasionis
2744 2301 2876 2343 esse

492 2382 640 2439 rem,
685 2381 810 2422 non
852 2359 1070 2443 proelii.
1159 2357 1276 2421 His
1299 2363 1477 2423 rebus
1506 2381 1583 2423 ex
1630 2361 1815 2437 ositiS,
1840 2361 2078 2444 signum
2110 2363 2233 2440 dat,
2259 2377 2319 2426 et
2341 2365 2419 2426 ab
2449 2366 2665 2427 dextr-5.
2699 2379 2877 2450 parte

409 2447 614 2510 25alio
645 2446 939 2508 adscensu
968 2444 1183 2506 eodem
1214 2459 1484 2529 tempore
1601 2447 1754 2508 duos
1784 2447 1982 2509 mittit.

576 2529 816 2595 XLVI.
863 2530 965 2614 Op
1009 2531 1093 2592 idi
1138 2551 1346 2593 murus
1395 2533 1475 2593 ab
1522 2532 1791 2615 planitie,
1846 2548 2025 2615 atque
2074 2534 2246 2597 initio
2293 2536 2638 2613 adscensus,
2706 2536 2877 2599 recta

492 2618 762 2700 regione,
789 2617 838 2678 si
867 2638 906 2679 n
998 2638 1066 2677 us
1096 2615 1402 2680 anfractus
1431 2616 1844 2694 intercederet,
1868 2640 2021 2682 nce.
2043 2640 2251 2704 passus
2271 2623 2500 2683 aberat.
2556 2620 2877 2705 Quidquid

494 2703 635 2765 huic
666 2701 952 2764 circuitus
982 2701 1060 2763 ad
1085 2701 1474 2765 molliendum
1502 2704 1726 2765 clivum
1760 2719 2110 2782 accesserat,
2142 2706 2204 2767 id
2229 2706 2487 2790 spatium
2519 2708 2747 2770 itineris
2768 2728 2879 2768 au-

497 2790 698 2871 gebat.
785 2786 846 2849 A
869 2786 1072 2848 medio
1094 2786 1220 2849 fere
1251 2787 1408 2851 colle
1436 2788 1499 2849 in
1527 2787 1928 2871 longitudine,
1954 2805 2020 2853 ut
2043 2805 2258 2853 natura
2286 2792 2507 2853 montis
2532 2791 2777 2869 serebat,
2797 2813 2875 2854 ex

412 2873 831 2956 80grandibus
862 2872 1020 2934 saxis
1050 2893 1137 2934 νι.
1169 2872 1392 2956 pedum
1433 2893 1692 2951 murum,
1739 2874 1842 2955 qui
1886 2892 2226 2938 nostrorum
2271 2876 2560 2960 impetum
2591 2878 2877 2955 tardaret,

493 2959 913 3044 produxerant
945 2955 1152 3035 Galli3
1209 2971 1390 3040 atque
1418 2957 1699 3022 inferiore
1730 2960 1895 3021 omni
1927 2962 2123 3044 spatio
2146 2983 2342 3023 vacuo
2373 2961 2600 3039 relicto,
2647 2963 2881 3045 superi-

496 3065 661 3108 orem
689 3058 920 3128 partem
953 3042 1125 3105 collis
1157 3064 1347 3125 usque
1371 3044 1451 3106 ad
1475 3065 1713 3107 murum
1745 3045 1955 3129 oppidi
1985 3047 2349 3108 densissimis
2373 3050 2585 3108 castris
2608 3047 2881 3130 comple-

496 3144 727 3193 verant.
815 3125 1064 3205 Milites,
1085 3128 1265 3210 signo
1294 3129 1460 3207 dato,
1485 3129 1759 3192 celeriter
1783 3130 1861 3192 ad
1892 3132 2284 3193 munitionem
2311 3134 2683 3216 perveniunt,
2709 3151 2884 3193 eam-

498 3237 614 3297 que
643 3214 1020 3296 transgressi,
1052 3214 1224 3277 trinis
1249 3215 1460 3276 castris
1483 3215 1816 3297 potiuntur.
1889 3215 1983 3278 Ac
2011 3230 2180 3279 tanta
2196 3215 2309 3278 suit
2330 3218 2393 3278 in
2417 3218 2725 3301 capiendis
2743 3237 2885 3279 cas·

418 3299 606 3367 35tris
636 3300 928 3376 celeritas,
960 3311 1026 3360 ut
1053 3296 1498 3361 Tbeutomatus
1540 3320 1647 3361 rex
1694 3297 1757 3361 N
1759 3299 2110 3382 itiobrigum
2149 3302 2344 3364 subito
2383 3303 2447 3364 in
2488 3302 2886 3365 tabernaculo

499 3404 581 3466 op
626 3404 844 3459 ressuS,
876 3396 943 3444 ut
983 3382 1232 3444 meridie
1272 3383 1720 3465 conquieverat,
1766 3406 1834 3446 su
1879 3387 2073 3448 eriore
2106 3388 2382 3470 corporis
2430 3402 2604 3471 parte
2632 3387 2884 3465 nudati,

603 3480 814 3529 nerato
842 3488 1021 3549 equo,
1051 3467 1157 3528 vix
1188 3487 1251 3528 se
1280 3488 1357 3529 ex
1382 3468 1662 3530 manibus
1687 3491 1760 3553 pr
1865 3471 2093 3533 antium
2124 3472 2377 3533 militum
2407 3473 2682 3557 eriperet.
2730 3499 2737 3506 ·

485 3609 495 3640 ,
585 3547 859 3614 XLVII.
908 3549 1288 3614 Consecutus
1319 3553 1382 3615 id
1422 3553 1589 3636 quod
1632 3555 1838 3617 animo
1885 3570 2283 3640 proposuerat
2328 3556 2565 3634 Caesar,
2614 3555 2888 3641 receptui

499 3637 639 3700 cani
655 3637 865 3720 jussit:
909 3635 1286 3720 legionisque
1316 3638 1591 3715 decimae,
1622 3640 1881 3722 quicum
1925 3655 2056 3704 erat
2083 3644 2497 3718 concionatus,
2530 3643 2709 3725 signa
2736 3661 2892 3705 con-

416 3722 739 3786 40stitere=
785 3736 850 3785 at
872 3720 1237 3804 reliquarum
1265 3722 1480 3786 milites
1503 3721 1835 3805 legionum,
1867 3747 1989 3789 non
2008 3728 2297 3790 exaudito
2324 3730 2492 3791 tubae
2516 3747 2689 3806 sono,
2721 3727 2896 3811 quod

502 3805 646 3872 satis
675 3828 905 3891 magna
931 3806 1106 3869 vallis
1136 3807 1565 3887 intercedebat,
1596 3823 1802 3874 tamen
1830 3811 1869 3874 a
1912 3812 2166 3875 tribunis
2208 3812 2485 3892 militum,
2529 3812 2893 3896 legatisque,

476 3985 524 4031 9.
572 3977 734 4056 Deque
769 3977 830 4026 iis
856 3984 1107 4027 stu-muenia
1136 3978 1354 4042 detrahi]
1405 3979 1624 4028 Clitellas
1686 3982 1816 4040 apud
1844 3975 2088 4030 Romtffios
2110 3982 2333 4044 insignia,
2364 3997 2455 4041 pro
2484 3982 2620 4030 nri&
2650 3982 2897 4044 dignitate

417 4059 523 4105 quo
545 4045 684 4092 mutu
700 4042 1029 4090 insternuntur
1043 4041 1281 4103 intelligit,
1313 4055 1416 4101 quae
1437 4052 1487 4089 et
1503 4051 1623 4090 stra·
1686 4044 1904 4100 militum,
1926 4053 1979 4091 ut
1999 4045 2236 4117 signiferis
2258 4055 2398 4092 erant
2419 4046 2571 4106 galee
2594 4045 2769 4091 ursinis
2788 4044 2895 4104 'pel-

417 4107 547 4156 mine
563 4105 768 4153 efferciri
791 4105 961 4151 solent.
1479 4119 1483 4124 ·
1686 4106 1809 4151 libus
1825 4115 1959 4152 tecta:
1970 4121 1985 4165 3
2019 4107 2191 4165 pssanis
2208 4117 2349 4156 erant
2369 4108 2553 4154 exuvie
2575 4107 2766 4165 lupinae.
2803 4108 2895 4153 Po·

481 4169 555 4217 13.
594 4167 652 4215 Ut
674 4176 774 4215 emt
794 4166 827 4216 ὰ
855 4165 1087 4227 Gergovia
1116 4165 1417 4230 dapmusin
1436 4165 1620 4227 eadm]
1687 4169 1866 4227 lyonus
1899 4169 2039 4216 addit
2072 4168 2328 4216 mandasse
2361 4170 2606 4216 Cesar-en
2640 4178 2693 4216 ut
2726 4171 2900 4216 brevia

421 4232 463 4279 A
479 4230 791 4277 claromonte
805 4230 984 4278 distant
1001 4227 1104 4290 ejus
1120 4229 1250 4276 urbis
1266 4228 1467 4291 vestigia
1481 4229 1620 4276 semi·
1676 4229 1847 4290 jacula
1866 4239 1917 4277 et
1937 4233 2276 4280 convenientes
2308 4233 2497 4292 gladios
2532 4240 2799 4288 sumerent,
2833 4247 2899 4279 ne

421 4293 567 4339 leuce
587 4293 760 4350 spano.
1684 4304 1770 4349 per
1803 4291 2001 4339 humiles
2039 4293 2187 4340 silvas
2219 4303 2459 4352 extarent,
2490 4309 2584 4341 nen
2620 4302 2753 4342 recto
2789 4309 2899 4342 cor·

481 4351 552 4401 ns.
583 4353 745 4417 Neque
767 4358 895 4402 lanto
916 4353 1065 4416 spatio
1086 4351 1199 4401 certi
1218 4351 1331 4416 quid
1343 4351 1619 4415 metapla-
1683 4365 1816 4410 pore,
1838 4356 1923 4400 sed
1946 4355 2204 4402 summissis
2226 4357 2483 4415 poplitibus
2506 4358 2847 4418 graderentur.
2874 4353 2893 4390 θ’

375 4451 384 4460 .
417 4415 519 4460 ται-ι’
535 4415 748 4477 poterat]
784 4416 909 4462 Cum
930 4415 1174 4475 telescopii
1192 4429 1301 4464 usus
1315 4416 1621 4466 nondumes-
1745 4417 1823 4461 39.
1864 4415 2077 4474 Qunam
2119 4422 2219 4466 erat
2272 4418 2603 4480 condonatus]
2672 4419 2905 4478 Suspicio

421 4486 493 4523 set
515 4477 748 4535 inventus,
769 4480 860 4526 hoc
883 4479 930 4525 in
953 4486 1248 4541 stratagema
1271 4478 1358 4524 fuit
1381 4478 1621 4537 utitem-0
1684 4477 1845 4523 mendi
1868 4479 2092 4525 maxima.
2157 4479 2524 4539 Reponendum,
2546 4481 2643 4543 qud
2663 4486 2767 4529 lum
2800 4486 2906 4529 erat

421 4548 548 4581 nunc
571 4537 749 4586 frustra
763 4542 868 4599 quis
889 4537 1119 4608 uterettq,
1136 4556 1244 4589 cum
1259 4540 1306 4588 in
1322 4549 1421 4587 tam
1435 4537 1625 4600 longino
1683 4539 1923 4590 malm
1935 4554 1956 4597 ,⁹
1985 4542 2077 4587 cui·
2093 4544 2422 4592 emendationi
2452 4545 2538 4590 dat
2571 4544 2733 4590 lomim
2768 4544 2905 4604 quod

420 4609 563 4705 ³⁰3¹?
580 4599 934 4721 &3¹2²me
909 4602 1328 4725 ἒέἱῖῗηῗὼῗω
1386 4601 1621 4713 ’Ἥιὶῗι
1681 4602 1963 4714 maai.
1978 4604 2374 4714 ἓὲἓ-ἓὲὶοω
2402 4604 2434 4654 ³
2463 4620 2517 4653 ⁸⁶
2546 4607 2790 4666 Μ
2818 4620 2907 4654 ‘⁶‘

547 4690 558 4701 0
1118 4678 1238 4712 mm·
1354 4678 1424 4712 ard
1870 4679 1959 4712 000
2078 4680 2094 4711 ι
2197 4698 2211 4714 ι
