3059 5050
1253 236 1530 303 LIBER
1574 230 1755 313 VIII.
2630 248 2739 308 151

369 382 676 451 LXXIX.
715 383 961 453 Interea
989 382 1265 461 ComiuS,
1299 375 1374 447 'et
1416 385 1631 467 reliqui
1671 386 1875 460 duces,
1906 385 2125 467 quibus
2157 408 2394 451 summa
2430 388 2665 474 imperii

285 474 576 557 permissa
604 484 751 548 erat,
782 492 920 532 cum
952 471 1232 533 omnibus
1257 471 1450 553 copiis
1474 472 1551 533 ad
1582 470 1851 533 Alesiam
1881 472 2257 553 perveniunt,
2289 487 2350 535 et
2372 475 2527 535 colle
2556 496 2663 537 ex-

288 560 501 619 teriore
532 570 853 640 occupato,
884 576 1007 617 non
1041 554 1279 636 longius
1313 578 1377 617 n.
1409 556 1686 638 passibus
1728 556 1764 617 a
1794 555 2011 617 nostris
2042 559 2477 621 munitionibus
2519 581 2665 621 con-

287 642 505 704 sidunt.
579 639 836 703 Postero
867 640 985 715 die,
1004 640 1272 721 equitatu
1295 661 1371 701 ex
1404 639 1616 702 castris
1638 633 1879 715 educto,
1905 660 2144 702 omnem
2170 663 2302 703 eam
2333 644 2663 728 planitiem,

288 748 470 809 quam
515 726 577 788 in
619 725 1061 807 longitudinem
1111 744 1212 786 111.
1267 724 1458 786 millia
1509 746 1794 809 passuum
1840 738 2046 808 patere
2099 726 2661 806 demonstravimus,
2707 734 2745 790 5

290 809 630 895 complent;
674 812 1093 895 pedestresque
1137 830 1211 870 co
1257 809 1366 885 iaso,
1419 809 1691 893 paullum
1739 812 1818 872 ab
1862 832 1936 871 eo
1976 811 2112 872 loco
2143 812 2381 873 abditas
2413 814 2474 875 in
2515 814 2664 876 locis

258 895 697 980 'superioribus
727 896 1112 957 constituunt.
1263 908 1357 955 rat
1384 915 1462 957 ex
1507 896 1739 978 oppido
1781 896 1991 957 Alesia
2032 897 2346 979 despectus
2390 897 2451 959 in
2498 920 2665 960 cam·

293 1003 453 1065 pum.
516 979 917 1043 Concurritur
946 979 1036 1041 his
1067 979 1311 1041 auxiliis
1335 980 1497 1056 visis,
1528 981 1599 1042 fit
1626 980 1957 1061 gratulatio
1984 981 2138 1043 inter
2167 1001 2291 1058 eoS‚
2323 994 2504 1064 atque
2534 991 2664 1044 om-

293 1066 453 1128 nium
484 1065 670 1128 animi
701 1066 778 1129 ad
822 1065 1094 1126 laetitiam
1127 1065 1487 1126 excitantur.
1576 1062 1790 1146 Itaque
1814 1066 2125 1147 productis
2155 1068 2345 1150 copiis
2375 1082 2514 1129 ante
2556 1089 2667 1151 op-

291 1150 498 1235 pidum
530 1152 868 1226 considunt,
899 1164 958 1211 et
981 1151 1328 1237 proximam
1357 1150 1578 1211 fossam
1611 1152 1877 1212 cratibus
1898 1151 2201 1233 integunt,
2233 1165 2412 1233 atque
2441 1159 2750 1236 aggerem

235 1239 246 1246 ’
293 1235 553 1319 explent,
585 1256 764 1319 seque
795 1236 872 1297 ad
902 1235 1279 1318 eruptionem
1312 1248 1491 1317 atque
1521 1255 1730 1297 omnes
1759 1256 1936 1297 casus
1965 1251 2344 1320 comparant.

377 1319 649 1382 LXXX.
696 1319 934 1397 Caesar,
981 1319 1146 1381 omni
1185 1322 1456 1383 exercitu
1487 1321 1565 1382 ad
1620 1334 1935 1403 utramque
1980 1335 2212 1405 partem
2266 1321 2665 1383 munitionum

294 1406 604 1490 disposito,
652 1419 733 1482 ut,
780 1406 831 1466 si
862 1426 1000 1466 usus
1030 1406 1251 1485 veniat,
1299 1426 1469 1467 suum
1519 1406 1771 1488 quisque
1814 1406 2015 1468 locum
2065 1419 2266 1468 teneat
2310 1418 2370 1468 et
2416 1406 2666 1483 noverit,

293 1492 619 1573 equitatum
650 1514 726 1552 ex
757 1491 967 1552 castris
997 1492 1191 1567 educi,
1238 1504 1297 1551 et
1325 1491 1607 1573 proelium
1637 1492 1931 1553 committi
1963 1492 2157 1573 jubet.
2246 1490 2401 1553 Erat
2429 1513 2507 1553 ex
2539 1514 2668 1553 om-

295 1576 464 1639 nibus
490 1576 720 1652 castriS,
753 1596 892 1657 quae
921 1592 1216 1639 summam
1262 1576 1527 1657 undique
1545 1579 1768 1657 jugum
1795 1579 2097 1653 tenebant,
2128 1576 2462 1660 despectuS,
2490 1582 2751 1658 atquel5

296 1661 562 1723 omnium
607 1660 864 1721 militum
913 1660 1122 1721 intenti
1160 1660 1345 1721 animi
1393 1682 1622 1742 pugnae
1653 1674 1930 1723 eventum
1962 1664 2416 1744 exspectabant.
2507 1661 2672 1723 Galli

253 1812 266 1817 ,
296 1747 448 1808 inter
476 1745 723 1827 equites,
754 1765 926 1805 raros
956 1744 1323 1823 sagittarioS,
1354 1746 1790 1827 expeditosque
1820 1745 1965 1807 levis
1996 1759 2321 1808 armaturae
2362 1746 2673 1827 interjece-

298 1844 453 1906 rant‚
486 1829 588 1912 qui
620 1831 740 1890 suis
770 1828 1119 1890 cedentibus
1151 1828 1384 1890 auxilio
1433 1842 1868 1905 succurrerent,
1910 1844 1971 1890 et
2017 1844 2357 1892 nostrorum
2406 1831 2672 1911 equitum

299 1914 587 1997 impetum
603 1910 988 1979 'sustines-ent.
1046 1913 1148 1974 Ab
1177 1913 1272 1975 his
1288 1912 1630 1996 complures
1654 1914 1729 1975 de
1753 1914 2081 1997 improviso
2105 1914 2422 1990 vulnerati,
2456 1916 2674 1998 proelio

300 1999 692 2062 excedebant.
780 1996 988 2080 Quum
1037 2018 1175 2059 suos
1222 1999 1430 2080 pugna
1473 1999 1811 2083 superiores
1840 2020 1968 2060 esse
1998 1999 2164 2061 Galli
2195 2000 2586 2075 confiderent,
2618 2008 2757 2064 et‘ZO

298 2100 535 2146 nostros
591 2082 779 2167 premi
827 2082 1207 2147 multitudine
1254 2084 1562 2161 viderent3
1607 2104 1685 2145 ex
1733 2084 2012 2147 omnibus
2059 2085 2350 2167 partibuS,
2396 2098 2457 2145 et
2500 2085 2540 2145 ii
2572 2087 2672 2167 qui

295 2169 730 2231 munitionibus
773 2168 1256 2244 continebantur,
1302 2182 1360 2229 et
1403 2168 1445 2230 ii
1476 2171 1581 2252 qui
1613 2169 1905 2231 auxilium
1939 2183 2364 2247 convenerant,
2411 2169 2675 2232 clamore

296 2267 362 2316 ut
392 2253 620 2316 ululatu
651 2274 896 2315 suorum
927 2252 1161 2315 animos
1191 2254 1658 2317 confirmabant.
1746 2254 1936 2336 Quod
1966 2255 2026 2316 'm
2054 2270 2381 2338 conspectu
2406 2256 2676 2318 omnium

295 2361 390 2402 res
422 2341 760 2423 gerebatur,
806 2359 999 2419 neque
1028 2339 1191 2400 recte
1223 2354 1329 2401 aut
1356 2341 1610 2424 turpiter
1632 2340 1857 2402 sautum
1883 2339 2065 2402 celari
2096 2354 2351 2424 poterat,
2394 2353 2677 2424 utrosque

298 2439 357 2486 et
385 2425 581 2489 laudis
611 2424 908 2508 cupiditas
938 2437 1000 2484 et
1025 2424 1208 2491 timor
1235 2423 1594 2505 ignominiae
1625 2426 1703 2487 ad
1734 2426 2009 2487 virtutem
2056 2427 2381 2487 excitabat.
2466 2425 2757 2508 Quun125

301 2511 338 2573 a
360 2510 610 2575 meridie
637 2532 828 2595 prope
859 2509 937 2573 ad
967 2508 1111 2571 solis
1134 2532 1416 2572 occasum
1451 2511 1639 2574 dubia
1680 2511 1935 2573 victoria
1963 2527 2355 2594 pugnaretur,
2382 2509 2675 2576 Germani

301 2598 419 2659 una
451 2598 509 2658 in
541 2611 712 2681 parte
741 2595 1023 2658 consertis
1052 2598 1261 2658 turmis
1291 2597 1354 2658 in
1383 2597 1585 2659 hostes
1632 2599 1918 2680 impetum
1962 2597 2248 2675 fecerunt,
2278 2617 2501 2680 eosque
2529 2620 2674 2683 pro·

302 2683 602 2767 pulerunt.
718 2681 956 2765 Quibus
999 2681 1063 2743 in
1107 2680 1318 2763 fugam
1362 2684 1670 2764 conjectiS,
1716 2682 1989 2764 sagitarii
2033 2683 2446 2761 circumventi,
2491 2683 2675 2746 inter-

300 2767 557 2851 fectique
600 2780 755 2830 sunt.
868 2765 1020 2830 Item
1074 2789 1150 2829 ex
1204 2768 1452 2849 reliquis
1493 2770 1763 2852 partibus
1807 2769 1995 2830 nostri
2041 2769 2318 2831 cedentes
2362 2790 2551 2851 usque
2596 2770 2675 2831 ad

300 2869 500 2916 castra
527 2853 797 2929 insecuti,
843 2845 952 2914 sui’
965 2852 1294 2934 colligendi
1323 2853 1669 2916 facultatem
1700 2875 1825 2915 non
1854 2854 2165 2915 dederunt.
2251 2854 2337 2915 At
2366 2854 2430 2929 ii,
2462 2855 2563 2934 qui
2595 2857 2760 2919 abso

299 2938 510 3002 Alesia
539 2951 971 3023 processerant,
1003 2938 1223 3014 moesti,
1267 2949 1458 3021 prope
1487 2939 1744 3000 victoria
1786 2939 2124 3020 desperata,
2171 2959 2233 2998 se
2278 2940 2339 2999 in
2384 2940 2676 3020 oppidum

302 3045 435 3087 rece
480 3039 669 3087 erunt.

385 3047 689 3174 Lfitxxl.
736 3106 883 3171 Uno
913 3109 1012 3171 die
1041 3107 1399 3184 intermisso,
1433 3106 1619 3183 Galli,
1668 3120 1846 3190 atque
1877 3106 1995 3169 hoc
2026 3106 2244 3190 spatio,
2287 3127 2514 3187 magno
2543 3127 2679 3169 cra-

301 3195 472 3272 tium,
503 3196 820 3272 scalarum,
853 3196 1273 3278 harpagonum
1307 3214 1561 3255 numero
1590 3193 1821 3270 effecto,
1872 3192 2070 3254 media
2113 3205 2289 3254 nocte
2334 3191 2569 3254 silentio
2600 3213 2677 3255 ex

300 3282 511 3343 castris
556 3281 800 3363 egressi,
846 3281 925 3343 ad
973 3295 1335 3363 campestres
1367 3279 1730 3342 munitiones
1762 3278 2073 3340 accedunt.
2164 3277 2382 3340 Subito
2411 3278 2760 3344 clamore35

302 3365 562 3445 sublato,
587 3367 707 3449 qua
735 3366 1198 3448 significatione,
1223 3365 1324 3446 qui
1356 3365 1418 3426 in
1450 3365 1680 3449 oppido
1705 3365 2155 3440 obsidebantur,
2181 3363 2257 3426 de
2281 3385 2390 3426 suo
2420 3366 2681 3428 adventu

301 3473 671 3534 cognoscere
700 3465 960 3535 possent,
989 3465 1183 3514 crates
1232 3451 1545 3533 projicere,
1577 3450 1797 3526 fundis,
1829 3450 2081 3531 sagittiS‚
2113 3449 2413 3533 lapidibus
2443 3467 2682 3513 nostros

302 3537 378 3599 de
403 3537 564 3600 vallo
593 3539 931 3614 deturbare,
979 3536 1326 3618 reliquaque
1357 3558 1495 3618 quae
1526 3536 1605 3598 ad
1638 3537 2153 3619 oppugnationem
2204 3538 2515 3619 pertinent,
2571 3538 2682 3597 ad-

301 3623 659 3686 ministrare.
777 3621 1014 3686 Eodem
1064 3635 1350 3704 tempore,
1410 3621 1680 3684 clamore
1722 3621 2031 3698 exaudito,
2094 3622 2199 3684 dat
2250 3622 2397 3683 tuba
2441 3623 2680 3702 signum

302 3708 424 3770 suis
456 3706 942 3791 Vercingetorix,
990 3721 1170 3789 atque
1211 3728 1287 3769 ex
1320 3708 1549 3790 oppido
1581 3707 1799 3768 educit.
1888 3704 2118 3783 Nostri,
2167 3718 2230 3768 ut
2274 3706 2767 3789 superioribus&
2842 3733 2848 3740 ·

301 3793 518 3856 diebus
571 3815 711 3855 suus
764 3793 980 3875 cuique
1023 3805 1154 3854 erat
1204 3792 1373 3854 locus
1421 3794 1763 3868 attributum,
1815 3792 1890 3854 ad
1942 3791 2304 3854 munitiones
2356 3791 2683 3869 accedunt3

301 3877 507 3941 fundis
537 3878 833 3941 librilibus
863 3879 1248 3962 sudibusque,
1281 3898 1430 3958 quas
1461 3879 1524 3940 in
1554 3898 1736 3961 opere
1785 3877 2223 3960 disposuerant,
2257 3898 2328 3937 ac
2360 3876 2685 3956 glandibus

304 3961 521 4026 Gallos
550 3978 899 4048 perterrent.
986 3963 1324 4046 Prospectu
1356 3964 1613 4025 tenebris
1644 3964 1949 4046 adempto,
1993 3962 2182 4024 multa
2223 3962 2524 4044 utrimque
2552 3960 2685 4022 vul-

300 4070 452 4112 nera
482 4051 882 4134 accipiuntur,
929 4047 1247 4133 complura
1275 4050 1588 4111 tormentis
1617 4048 1739 4112 tela
1780 4048 2203 4130 conjiciuntur.
2290 4047 2375 4108 At
2418 4045 2508 4108 M.
2555 4048 2685 4108 An·-

297 4231 620 4290 cipiebantur,
673 4231 839 4279 scribit
889 4228 1154 4278 miserrima
1220 4238 1373 4278 morte
1425 4241 1507 4288 pe·
1572 4228 1683 4275 Esse
1708 4228 2247 4288 Honoriitempodbus3
2279 4226 2471 4272 eosdem
2489 4225 2611 4272 bello
2628 4227 2769 4286 civili,

299 4293 454 4342 riisse.
1573 4301 1621 4337 ut
1648 4300 1813 4350 postea
1836 4293 2086 4345 videbitur,
2110 4288 2435 4335 Romanorum
2466 4302 2652 4347 quoque
2685 4292 2768 4337 im·

397 4358 443 4403 2.
482 4357 601 4404 Cum
625 4356 836 4404 omnibus
854 4353 994 4417 copiis
1028 4353 1093 4402 ud
1126 4354 1332 4403 Acestam
1349 4369 1510 4417 perue-
1576 4355 1758 4412 perium
1792 4355 1877 4411 ipsi
1904 4352 2082 4399 Caesari
2108 4351 2306 4397 dedisse.

297 4419 479 4480 niza-nt]
515 4419 767 4480 Polyaenus
792 4417 1064 4465 commutis
1079 4417 1328 4464 Gallorum
1360 4419 1504 4465 fuisse
1630 4417 1706 4462 34.
1760 4414 2135 4477 Hatpngmeum]
2190 4412 2425 4474 Har-pago
2468 4423 2541 4460 est
2584 4417 2769 4474 pertica

299 4490 525 4530 testatur.
1572 4481 1698 4525 ferro
1722 4481 1911 4524 adunco
1923 4475 2183 4550 prwpilata

367 4547 446 4590 26.
489 4543 745 4604 Germani]
785 4542 889 4589 Hoc
932 4542 979 4587 in
1020 4542 1366 4588 Germanorum
1407 4544 1506 4588 lau·
1633 4543 1709 4587 —1-2.
1746 4539 1924 4586 Fundis
1958 4539 2061 4582 ἠὺν·
2086 4537 2217 4597 [bue]
2252 4537 2434 4585 Fundat
2476 4538 2651 4588 libriles
2695 4541 2770 4588 vel

298 4608 418 4654 dem
432 4618 534 4653 esto
557 4606 700 4654 semel
725 4605 920 4662 dictum,
942 4619 1023 4652 eos
1060 4604 1286 4652 Romanis
1320 4605 1506 4663 imperi-
1574 4605 1782 4659 librales,
1799 4603 1968 4660 quihus
1994 4600 2181 4648 libralia
2208 4613 2347 4659 sua,
2368 4600 2416 4649 id
2444 4611 2534 4662 est,
2556 4605 2694 4652 unius
2715 4601 2769 4649 li-

298 4684 389 4718 um
418 4669 670 4718 tradidisse
693 4668 877 4728 Gallio,
912 4668 1108 4716 eosdem
1129 4668 1327 4716 tndem
1349 4670 1509 4719 abstu-
1574 4669 1670 4715 brte
1683 4667 2018 4728 jactabantur.
