3059 5050
806 314 932 382 DE
975 315 1281 380 BELLO
1324 312 1787 379 AFRICANO
1831 313 2128 379 LIBER..
2570 322 2689 381 :38⁵

242 468 428 531 relicti
459 467 547 528 sui
580 466 799 529 milites
826 466 1113 544 fuissent3
1159 487 1234 527 ne
1261 463 1347 526 illi
1377 479 1622 549 propter
1670 484 1912 525 suorum
1961 464 2351 548 paucitatem,
2381 476 2440 526 et
2469 463 2609 525 hos-

241 555 385 616 tium
422 553 882 628 multitudinem,
915 566 1075 612 metu
1105 551 1444 613 deficerent.

324 637 474 699 XII.
521 637 771 699 Interim
802 658 989 717 quum
1020 637 1153 716 jam
1187 634 1402 696 Caesar
1447 653 1798 716 progressus
1842 645 1993 694 esset
2037 633 2075 693 a
2119 633 2330 694 castris
2373 633 2610 696 circiter

239 722 431 787 millia
452 743 736 805 passuum
765 742 866 783 ιιι.
893 741 1000 803 per
1023 720 1421 802 speculatores
1445 733 1505 779 et
1528 732 1928 779 antecessores
1950 717 2178 799 equites
2204 719 2510 781 nuntiatur
2532 720 2607 797 ei,

238 808 448 890 copias
482 808 738 869 bostium
773 807 932 867 haud
963 804 1147 885 longe
1174 805 1210 865 a
1238 825 1300 864 se
1328 802 1505 863 visas.
1575 800 1661 862 Et
1691 802 1888 863 hercle
1912 824 2048 863 cum
2074 825 2147 863 eo
2173 805 2383 864 nuntio
2414 804 2542 886 pult
2561 806 2608 865 is
2651 810 2692 868 5

240 891 457 972 ingens
504 891 773 974 conspici
803 904 1032 972 coeptns
1078 903 1184 949 est.
1271 886 1409 949 Hac
1454 908 1517 948 re
1566 887 1831 968 cognita,
1865 886 2082 948 Caesar
2128 886 2400 948 celeriter
2434 889 2611 968 jubet

241 977 570 1057 equitatum
603 976 960 1049 universum,
990 974 1159 1053 cujus
1188 973 1427 1073 copiam
1462 972 1673 1032 habuit
1702 970 1760 1032 in
1800 971 2123 1054 praesentia
2152 993 2271 1032 non
2299 992 2607 1053 magnam,

240 1074 302 1122 et
331 1061 688 1141 sagittat-im,
720 1079 971 1140 quorum
1006 1078 1227 1140 parvus
1259 1078 1294 1118 e
1324 1060 1536 1117 castris
1561 1056 2120 1131 exierat‘numeruS,
2152 1057 2396 1134 accersi,
2431 1074 2609 1138 atque

242 1145 564 1207 ordinatim
623 1145 796 1224 signa
852 1164 914 1203 se
967 1142 1176 1204 leniter
1234 1142 1560 1221 consequi:
1636 1140 1760 1223 ipse
1814 1142 2163 1203 antecedere
2213 1163 2350 1203 cum
2400 1144 2608 1224 paucis

243 1226 506 1291 armatis.
570 1226 828 1309 Jamque
859 1248 1041 1308 quum
1067 1227 1282 1308 procul
1317 1227 1499 1286 hostis
1525 1226 1793 1308 conspici
1820 1239 2037 1308 posset,
2064 1225 2278 1288 milites
2303 1227 2362 1288 in
2389 1232 2692 1309 campoIO

226 1316 403 1394 jubet
431 1312 678 1394 galeati,
709 1326 769 1374 et
799 1313 877 1373 ad
922 1332 1190 1394 pugnam
1242 1311 1465 1394 parari.
1555 1308 1831 1390 Quorum
1881 1312 2127 1372 omnino
2174 1331 2452 1373 numerus
2499 1312 2609 1374 suit

238 1419 371 1458 xxx.
404 1399 741 1459 cohortium
773 1419 911 1458 cum
944 1397 1243 1477 equitibus
1268 1416 1374 1456 cn.
1402 1409 1460 1455 et
1490 1396 1818 1473 sagittariis
1846 1395 1940 1456 θ.

320 1480 502 1544 XIII.
551 1481 773 1543 Hostes
804 1482 1062 1558 interim,
1094 1502 1348 1562 quorum
1381 1480 1506 1541 dux
1555 1494 1683 1540 erat
1731 1478 2059 1556 LabienuS,
2107 1493 2166 1541 et
2194 1481 2317 1542 duo
2346 1481 2608 1557 Pacidii,

235 1567 427 1628 aciem
460 1568 734 1646 dirigunt
764 1565 1021 1631 mirabili
1055 1565 1451 1643 longitudine,
1480 1586 1598 1625 non
1630 1565 1919 1646 peditum,
1947 1567 2047 1626 sed
2077 1568 2342 1646 equitum
2375 1567 2609 1628 conser-

234 1665 357 1713 tam
383 1674 399 1712 :
438 1665 505 1713 et
536 1653 686 1712 inter
713 1671 817 1711 eos
848 1651 993 1711 levis
1023 1664 1348 1712 armaturoe
1378 1648 1678 1710 Numidas
1707 1664 1765 1709 et
1803 1649 2143 1730 sagittarios
2175 1652 2400 1732 pedites
2430 1654 2691 1713 inter-15

234 1748 595 1819 posuerant3
626 1750 685 1796 et
708 1736 792 1796 ita
816 1737 1353 1809 condensaverant,
1380 1748 1445 1794 ut
1470 1733 1680 1815 procul
1706 1732 2047 1794 Caesariani
2078 1736 2378 1816 pedestres
2403 1737 2611 1817 copias

235 1822 712 1881 arbitrarentur:
757 1834 816 1881 et
862 1820 1139 1880 dextrum
1173 1841 1243 1879 ac
1275 1819 1577 1879 sinistrum
1623 1838 1812 1878 cornu
1857 1819 2094 1897 magnis
2124 1820 2387 1898 equitnm
2420 1822 2613 1901 copiis

236 1905 647 1966 firmaverant.
716 1903 962 1965 Interim
996 1904 1212 1965 Caesar
1237 1904 1426 1964 aciem
1454 1902 1662 1981 dirigit
1686 1901 2036 1984 simplicem,
2064 1916 2128 1963 ut
2152 1917 2401 1985 poterat,
2429 1925 2613 1987 prop-

236 2003 329 2051 ter
381 1992 766 2071 paucitatem.
873 1988 1237 2069 Sagittarius
1297 2001 1435 2048 ante
1481 1988 1670 2047 aciem
1719 1986 2025 2048 constituit
2051 2008 2066 2047 :
2125 1987 2351 2068 equites
2395 1989 2506 2059 dex
2519 2006 2612 2049 tro

237 2073 599 2155 sinistroque
645 2095 835 2135 cornu
866 2075 1157 2156 opponit:
1210 2086 1269 2134 et
1298 2072 1379 2134 ita
1411 2072 1688 2154 praecipit
1718 2086 1779 2131 ut
1812 2072 2213 2153 providerent,
2246 2093 2320 2133 ne
2349 2073 2696 2134 multitu-20

237 2159 380 2220 dine
421 2159 718 2239 equitatus
752 2159 1007 2219 hostium
1057 2160 1650 2218 circumvenirentur.
1736 2154 2147 2219 Existimabat
2175 2157 2333 2219 enim
2382 2179 2443 2218 se
2472 2179 2611 2219 cuin

234 2244 611 2328 pedestribus
641 2244 850 2327 copiis,
884 2243 1015 2304 acie
1044 2243 1349 2319 instructa,
1381 2243 1822 2303 dimicaturum.

319 2325 500 2389 XIV.
549 2326 756 2409 Quum
789 2328 1086 2409 *imque
1113 2328 1483 2410 exspectatio
1511 2327 1705 2402 fieret3
1751 2347 1946 2408 neque
1975 2324 2192 2388 Caesar
2221 2349 2282 2388 se
2309 2343 2612 2389 moveret:

232 2427 295 2475 et
323 2434 462 2475 cum
494 2434 737 2474 suorum
771 2414 1073 2496 paucitate
1102 2425 1315 2474 contra
1344 2433 1630 2493 magnam
1663 2410 1784 2470 vim
1817 2411 2074 2472 hostium
2108 2412 2363 2473 artificio
2396 2414 2609 2489 magis,

206 2518 425 2581 ‘quam
466 2499 689 2560 viribus
737 2499 1182 2561 decernendum
1226 2498 1492 2574 videret3
1538 2494 1736 2558 subito
1786 2496 2264 2559 adversariorum
2314 2497 2692 2579 equitatus25

238 2605 366 2645 sese
394 2585 733 2661 extendere,
765 2597 824 2645 et
870 2584 933 2645 in
978 2583 1351 2645 latitudinem
1402 2602 1778 2665 promovere,
1828 2581 2128 2664 collesque
2175 2583 2510 2666 complecti,
2552 2599 2614 2644 et

238 2668 511 2730 Caesaris
539 2671 867 2750 equitatum
915 2682 1263 2744 extenuare,
1296 2667 1590 2748 simulque
1621 2666 1699 2727 ad
1729 2665 2222 2728 circumeundum
2254 2689 2611 2751 comparare

235 2776 300 2815 se
323 2766 657 2837 coeperunt.
747 2753 1089 2816 Caesariani
1128 2752 1353 2834 equites
1397 2773 1606 2813 eorum
1656 2750 2096 2813 multitudinem
2145 2753 2316 2832 oegre
2355 2755 2610 2814 sustine-

232 2840 400 2902 bant.
488 2839 670 2901 Acies
716 2839 951 2901 interim
1003 2838 1219 2900 mediae
1268 2858 1453 2919 quum
1501 2857 1860 2898 concurrere
1889 2850 2272 2912 conarentur,
2303 2836 2500 2899 subito
2531 2859 2608 2898 ex

232 2924 553 2986 condensis
600 2925 809 2986 turmis
857 2924 1084 3007 pedites
1115 2921 1404 2985 Numidae
1434 2922 1582 2983 levis
1613 2933 1936 2981 armatura?
1978 2942 2116 2982 cum
2142 2922 2437 3003 equitibus
2469 2921 2694 3004 pro-30

234 3023 522 3086 currunt:
564 3025 626 3070 et
670 3010 823 3070 inter
872 3009 1237 3089 legionarios
1285 3007 1513 3090 pedites
1553 3003 1764 3086 jacula
1811 3005 2157 3085 conjiciunt.
2251 3005 2371 3068 Hic
2424 3027 2610 3087 quum

235 3094 581 3156 Caesariani
629 3094 690 3155 in
744 3114 847 3155 eos
907 3094 1192 3176 impetum
1242 3092 1555 3168 fecissent3
1627 3089 1866 3150 illorum
1916 3091 2142 3170 equites
2193 3089 2611 3171 refugiebant3

234 3180 466 3262 pedites
498 3179 733 3240 interim
759 3178 1131 3254 resistebant,
1163 3178 1307 3258 dum
1338 3177 1568 3258 equites
1592 3195 1813 3251 rursus,
1845 3195 2021 3235 cursu
2051 3190 2361 3251 renovato,
2391 3174 2610 3259 pediti·

234 3267 348 3327 bus
380 3264 500 3325 suis
530 3277 959 3326 succurrerent.
1118 3314 1125 3321 .

318 3347 465 3411 XV.
516 3348 734 3412 Caesar
762 3370 924 3410 novo
971 3369 1189 3430 genere
1235 3368 1464 3431 pugnae
1495 3346 1723 3422 oblatu,
1754 3366 1936 3428 quum
1969 3346 2469 3408 animadverteret
2510 3348 2692 3408 σι’-35

234 3435 403 3498 dines
435 3455 679 3496 suorum
713 3434 775 3495 in
804 3435 1216 3518 procurrendo
1245 3433 1473 3494 turbari
1516 3431 1773 3517 (pedites
1801 3431 1982 3508 enim,
2030 3432 2173 3492 dum
2222 3433 2446 3513 equites
2477 3430 2611 3494 lon·

235 3519 372 3602 gius
402 3520 439 3581 a
468 3519 656 3601 signis
704 3531 1155 3602 persequuntur,
1201 3518 1385 3579 latere
1415 3517 1663 3592 nudato,
1696 3517 1732 3578 a
1761 3516 2056 3599 proximis
2085 3513 2368 3579 Numidis
2385 3517 2610 3599 jaculis

234 3605 726 3682 vulnerabantur,
757 3605 985 3686 equites
1034 3619 1230 3665 autem
1270 3602 1526 3663 hostium
1579 3601 1766 3685 pilum
1813 3601 2012 3661 militis
2042 3622 2217 3664 cursu
2249 3601 2426 3663 facile
2456 3602 2610 3662 vita-

234 3688 410 3772 bant)
442 3689 621 3752 edicit
644 3711 751 3773 per
781 3689 1041 3764 ordineS‚
1068 3709 1143 3750 ne
1168 3688 1300 3770 quis
1327 3687 1493 3748 miles
1519 3686 1557 3748 a
1582 3686 1769 3767 signis
1801 3706 1886 3746 tv·
1919 3685 2100 3768 pedes
2131 3686 2373 3767 longius
2399 3706 2608 3769 proce-

236 3775 420 3836 deret.
466 3773 790 3856 Equitatus
815 3775 1050 3836 interim
1078 3772 1337 3835 Labieni
1363 3792 1604 3833 suorum
1634 3769 2011 3831 multitudine
2034 3770 2317 3848 confisuS,
2339 3769 2694 3832 Caesaris40

232 3861 599 3942 paucitatem
653 3860 971 3922 circumire
1022 3872 1294 3920 conatur.
1382 3855 1638 3938 Equites
1694 3852 1921 3915 Juliani
1976 3854 2173 3937 pauci,
2230 3854 2609 3917 multitudine

232 3945 492 4005 hostium
542 3944 776 4021 defessi,
826 3967 859 4006 e
904 3944 996 4005 uis
1042 3941 1510 4018 convulneratiS,
1545 3938 1854 4023 paullatim
1904 3939 2153 4001 cedere:
2200 3939 2384 4001 hostis
2415 3939 2610 4020 magis

232 4030 550 4111 magisque
574 4030 813 4092 instare.
923 4044 982 4091 ta
1007 4041 1234 4111 puncto
1257 4026 1546 4109 temporis
1570 4025 1849 4086 omnibus
1872 4023 2220 4106 legionariis
2246 4027 2324 4087 ab
2351 4024 2609 4086 hostium

230 4117 499 4196 equitatu
548 4115 1008 4192 circumventis:
1054 4112 1441 4193 Caesarisque
1485 4109 1680 4192 copiis
1726 4109 1799 4170 in‘
1835 4110 2043 4171 orbem
2073 4109 2420 4194 compulsis,
2451 4110 2610 4171 intra

228 4199 534 4262 cancellos
564 4221 771 4261 omnes
800 4199 1057 4279 conjecti
1087 4219 1362 4281 pugnare
1392 4196 1788 4277 cogebantur.
2610 4195 2692 4252 45

315 4283 496 4347 XVI.
542 4283 854 4347 Labienus
878 4284 941 4346 in
965 4304 1141 4365 eque,
1165 4284 1365 4366 capite
1396 4280 1582 4355 nude,
1621 4280 1846 4341 versari
1889 4279 1953 4341 in
1997 4279 2197 4364 prima
2236 4280 2387 4357 acie,
2435 4277 2612 4340 simul

286 4483 337 4532 4.
357 4483 662 4530 Antea-mores
681 4483 887 4544 equitem]
944 4484 1284 4529 Antecessores
1305 4487 1433 4535 sunt,
1496 4484 1827 4524 antecursores
1860 4475 2026 4524 Caesar
2055 4475 2189 4534 dicit,
2221 4476 2302 4523 lib.
2332 4490 2365 4522 1.
2386 4475 2446 4521 de
2467 4473 2593 4521 bello
2615 4473 2696 4520 ci-

223 4554 281 4592 ut
300 4546 490 4591 videtur
510 4546 753 4601 Tui-nebo,
786 4546 865 4591 lib.
892 4559 1023 4592 xxiv.
1051 4543 1430 4590 adversariorum
1496 4540 1593 4585 vili.

221 4623 335 4667 cap.
362 4609 433 4653 16.
459 4607 538 4665 qui
561 4616 673 4653 ante
694 4621 871 4664 agmen
891 4601 1023 4662 eunt,
1040 4607 1241 4663 locaque
1262 4603 1432 4651 castris
1557 4602 1632 4647 44.
1663 4600 1795 4648 Intra
1826 4602 2083 4663 cancellos]
2128 4600 2444 4648 Similitudine
2464 4597 2606 4645 ducta
2631 4599 2696 4642 ab

225 4671 467 4717 metandis
497 4670 673 4716 idonea
708 4669 941 4728 deligunt,
971 4678 1019 4714 et
1050 4668 1152 4714 vias
1190 4667 1285 4725 qua
1320 4665 1429 4712 dnci
1492 4665 1549 4709 iis
1573 4663 1651 4722 qni
1675 4664 1787 4708 seris
1811 4664 1986 4724 objecti
2009 4666 2135 4711 intra
2155 4671 2293 4722 septa
2323 4665 2541 4722 quaedam
2575 4674 2694 4717 pug-

224 4734 465 4781 exercitus
508 4731 675 4791 possit,
717 4732 895 4778 vident.
956 4731 1169 4788 Eosdem
1211 4727 1430 4780 homines
1493 4741 1614 4774 nare
1638 4733 1889 4787 coguntur.
