3059 5050
840 322 967 387 DE
1012 320 1319 387 BELLO
1362 320 1630 386 ALEX.
1675 321 1977 425 LIBER..

2523 334 2648 397 319

159 471 373 539 Cassii
394 471 663 559 tegebat)
680 468 865 555 'quasi
892 493 1246 557 responsum
1273 474 1351 535 ab
1372 493 1445 533 eo
1466 484 1711 556 peteret,
1738 472 2010 535 celeriter
2029 473 2175 537 dato
2198 475 2358 554 loco,
2379 498 2566 560 quum

156 581 231 623 se
262 559 638 637 insinuasset,
669 558 910 621 sinistra
928 558 1181 642 corripit
1207 578 1366 634 eum,
1393 557 1725 640 dextraque
1747 559 1842 619 bis
1873 557 2029 620 feriit
2057 561 2346 642 pugione.
2416 562 2568 627 Cla-

140 658 340 708 'more
369 644 641 721 sublatO,
678 645 749 706 fit
776 645 814 705 a
841 643 1185 725 conjuratis·
1226 644 1483 727 impetus
1536 643 1844 705 universis

153 730 518 877 proximum
568 730 779 812 gladio
831 729 1128 809 transjicit
1178 728 1470 790 lictorem.
1561 725 1702 791 Hoc
1756 728 2094 806 interfecto,

182 829 440 898 egatum
475 816 767 878 vulnerat.

1933 642 2248 708 Munatius
2270 642 2278 653 '
2295 646 2566 712 Plancus

2144 730 2225 815 Q.
2283 732 2567 798 Cassium

854 813 949 876 Ibi
980 812 1061 875 T.
1099 813 1336 889 VasiuS,
1384 826 1446 875 et
1496 810 1576 874 L.
1631 812 1924 896 Mergilio
1973 814 2152 877 simili
2198 818 2568 882 confidentia
2611 824 2649 883 5

154 900 475 964 Plancum
522 900 746 963 munici
828 922 885 962 m
934 921 1105 961 suum
1162 898 1471 980 adjuvant.
1563 897 1763 961 Erant
1815 900 1975 962 enim
2029 922 2240 963 omnes
2285 898 2570 967 Italicen-

157 1008 284 1049 ses.
372 986 475 1049 Ad
505 987 700 1071 ipsum

158 1071 408 1134 levibus
452 1073 682 1134 sauciat
707 1070 925 1154 plagis

831 985 1084 1084 nginum
1132 982 1210 1046 L.
1242 982 1521 1048 Licinius
1552 985 1823 1068 Squillus
1853 986 2103 1065 involat,
2140 989 2571 1073 jacentemque

258 1156 437 1220 LIII.
486 1156 884 1219 Concurritur
915 1156 993 1218 ad
1043 1154 1328 1217 Cassium
1377 1156 1843 1220 defendendum.
1933 1156 2189 1238 Semper
2239 1159 2400 1222 enim
2446 1158 2569 1222 Be-

158 1264 351 1305 rones
405 1242 861 1326 compluresque
914 1255 1202 1305 evocatos
1254 1263 1393 1304 cum
1448 1243 1581 1305 telis
1624 1265 1825 1305 secum
1859 1243 2084 1305 babere
2112 1252 2653 1310 consueverant.10

154 1329 225 1390 A
258 1329 474 1410 quibus
502 1329 707 1390 caeteri
755 1327 1258 1404 intercluduntur,
1308 1329 1411 1410 qui
1465 1329 1545 1390 ad
1594 1328 1824 1390 caedem
1856 1328 2196 1391 taciendam
2246 1332 2421 1392 subse
2467 1354 2570 1393 ue—

496 1413 642 1498 Quo
672 1413 735 1475 in
766 1433 1020 1475 numero
1051 1413 1163 1474 suit
1193 1411 1564 1496 Calpurnius
1595 1413 1941 1491 Salvianus,
1971 1427 2033 1475 et
2077 1413 2372 1477 Manilius
2402 1354 2463 1476 ’ΣΡ

156 1414 408 1475 bantur.

2469 1440 2568 1478 HS-

151 1498 357 1560 culus,
444 1496 745 1560 Minutius
774 1498 929 1559 inter
958 1520 1126 1575 saxa,
1162 1521 1300 1581 quae
1335 1500 1659 1583 jaciebant
1705 1500 1767 1562 in
1816 1501 2046 1576 itinere,
2096 1500 2331 1581 fugiens
2363 1503 2570 1585 oppri-

154 1584 370 1660 mitur,
400 1596 461 1646 et
484 1583 678 1645 relato
707 1583 956 1645 domum
989 1581 1230 1660 CassiO,
1264 1586 1340 1646 ad
1373 1606 1507 1646 eum
1542 1585 1878 1648 deducitur.

1967 1584 2246 1648 Racilius
2271 1584 2331 1647 in
2361 1589 2570 1670 proxi-

157 1688 334 1731 mam
367 1690 430 1731 se
459 1670 708 1730 domum
740 1667 1055 1731 familiaris
1086 1671 1177 1730 sui
1209 1668 1460 1746 confert,
1515 1670 1660 1731 dum
1714 1683 1945 1731 certum
1977 1690 2390 1751 cognosceret,
2422 1677 2653 1736 con-15

156 1752 438 1815 fectusne
468 1752 721 1814 Cassius
743 1767 915 1815 esset.

1006 1752 1084 1816 L.
1112 1752 1478 1829 Laterensis,
1505 1775 1692 1835 quum
1722 1754 1786 1816 id
1811 1776 1936 1817 non
1961 1755 2283 1833 dubitaret,
2310 1759 2573 1820 accurrit

158 1838 348 1900 laetus
379 1838 441 1899 in
471 1851 673 1899 castra
698 1860 717 1916 ;
760 1838 1051 1899 militibus
1080 1840 1443 1915 vernaculis,
1468 1852 1530 1900 et
1559 1840 1843 1901 secundae
1874 1839 2152 1920 legioniS,
2178 1841 2396 1921 quibus
2426 1843 2572 1904 odio

160 1924 421 1999 sciebat,
453 1923 769 2006 proecipue
793 1922 1076 1985 Cassium
1110 1942 1257 1999 esse,
1290 1923 1651 2005 gratulatur.

1737 1921 2009 1986 Tollitur
2040 1925 2076 1985 a
2100 1925 2480 1988 multitudine
2509 1929 2571 1989 in

162 2007 476 2070 tribunal:
520 2007 766 2070 Praetor
797 2008 1139 2091 appellatur
1166 2030 1182 2068 ε
1228 2029 1409 2070 nemo
1434 2010 1596 2070 enim
1627 2008 1690 2070 in
1741 2008 2057 2092 provincia
2099 2024 2275 2072 natus
2306 2026 2412 2072 aut
2441 2034 2574 2073 ver-

164 2092 414 2155 naculae
444 2092 705 2175 legionis
736 2093 926 2170 mileS‚
960 2108 1064 2154 aut
1088 2094 1481 2155 diuturnitate
1520 2094 1656 2174 jam
1687 2092 1882 2156 sactus
1914 2096 2326 2179 provincialiS,
2357 2119 2477 2179 quo
2512 2099 2658 2161 52120

162 2199 425 2241 nurnero
453 2192 586 2239 erat
616 2198 687 2239 11.
721 2178 905 2260 legio,
938 2200 1059 2239 nou
1105 2200 1244 2240 cum
1291 2178 1458 2241 omni
1512 2179 1832 2263 provincia
1877 2197 2265 2243 consenserat
2312 2183 2371 2243 in
2429 2184 2573 2244 odio

164 2262 392 2325 Cassii.
479 2261 645 2324 Nam
677 2262 950 2345 legiones
980 2285 1122 2326 xxx.
1153 2277 1213 2325 et
1255 2285 1387 2327 xxi.

1422 2264 1633 2347 paucis
1660 2266 1964 2327 mensibus
1990 2267 2050 2329 in
2083 2265 2265 2329 Italia
2295 2269 2570 2353 scriptaS,

160 2346 387 2410 Caesar
417 2348 775 2411 attribuerat
804 2347 1117 2431 LonginO,
1146 2371 1202 2410 v,
1235 2350 1399 2432 legio
1430 2351 1514 2412 ibi
1545 2372 1740 2435 nuper
1764 2366 1892 2413 erat
1922 2352 2221 2415 confecta.

252 2431 425 2497 LIV.
471 2432 723 2497 Interim
744 2434 1054 2497 nuntiatur
1074 2433 1390 2497 Laterensi
1412 2436 1615 2497 vivere
1637 2433 1940 2498 Cassium.
2032 2436 2177 2518 Quo
2203 2440 2435 2515 nuuti0,
2461 2439 2571 2501 do·

163 2518 299 2581 lore
329 2519 524 2602 magis
548 2536 877 2605 permotuS‚
910 2524 1092 2603 quam
1125 2522 1332 2584 animo
1362 2524 1749 2606 perturbatus
1802 2524 1996 2585 reficit
2037 2525 2308 2587 celeriter
2338 2547 2484 2602 sese,
2515 2530 2654 2589 et25

168 2606 253 2667 ad
276 2604 556 2667 Cassium
576 2607 893 2668 visendum
920 2607 1344 2690 proficiscitur.

166 2690 395 2754 dubam
450 2691 643 2768 infert,
693 2693 772 2753 ad
797 2692 1093 2754 auxilium
1122 2692 1429 2755 ferendum
1458 2693 1808 2776 imperatori
1841 2716 1970 2756 suo.

166 2797 298 2838 xxr.
389 2776 790 2859 Subsequitur
819 2777 929 2839 has
958 2799 1018 2839 v.

1433 2606 1533 2669 Re
1554 2608 1823 2689 cognita,
1845 2630 1994 2671 xxx.
2021 2609 2184 2690 legio
2211 2612 2388 2691 signa
2414 2610 2575 2673 Cor-

2060 2693 2240 2757 Facit
2263 2697 2378 2758 hoc
2411 2696 2570 2759 idem

1109 2777 1317 2862 Quum
1350 2800 1425 2841 11.
1457 2778 1730 2861 legiones
1749 2779 2004 2862 reliquae
2029 2796 2227 2843 essent
2248 2781 2310 2843 in
2336 2784 2569 2860 castriS,

167 2862 496 2925 secundani
525 2863 721 2944 veriti,
747 2885 823 2925 ne
848 2862 959 2925 soli
987 2862 1488 2946 relinquerentur,
1516 2876 1698 2945 atque
1723 2887 1800 2926 ex
1826 2886 1920 2941 e0,
1946 2866 2090 2947 quid
2120 2869 2458 2944 sensissent,
2480 2870 2571 2930 in-

166 2945 490 3024 dicaretur,
522 2962 709 3010 secun
742 2962 880 3011 sunt
910 2948 1135 3011 sactum
1167 2949 1568 3034 superiorum.
1644 2948 1990 3013 Permansit
2009 2952 2071 3013 in
2092 2953 2387 3014 sententia
2407 2954 2655 3035 legiosso

165 3032 515 3110 vernacula,
545 3054 659 3094 nec
688 3033 815 3095 ullo
846 3034 1062 3096 timore
1105 3034 1182 3096 de
1211 3035 1409 3116 gradu
1439 3035 1677 3117 dejecta
1706 3047 1812 3097 est.

253 3115 395 3179 LV.
442 3116 692 3180 Cassius
744 3139 868 3195 εοε,
923 3119 1026 3202 qui
1080 3120 1375 3182 nominati

164 3203 507 3301 prehendi:

168 3303 264 3350 tls.

172 3502 295 3548 Nam
313 3516 399 3560 per
414 3502 546 3548 iilum
556 3501 797 3550 Racilium
810 3504 953 3551 caedis
967 3505 1250 3563 participem
1264 3518 1371 3563 per·

170 3565 349 3612 eussori
370 3565 502 3612 locus
526 3567 749 3613 dabatur.

233 3628 279 3673 3.
324 3627 570 3675 Munatius
622 3630 824 3676 Plancus
891 3627 1162 3692 proximum
1210 3629 1371 3694 glqdio

171 3687 398 3752 transjicit
433 3690 674 3752 lictorem]
733 3692 1054 3750 Manuscripti
1079 3691 1217 3753 Regii
1254 3703 1373 3749 tres,

172 3751 438 3798 Victorinus
482 3768 622 3809 unus,
660 3754 850 3801 Thuuni
902 3758 1017 3810 duo,
1070 3764 1373 3812 pervetustus

172 3828 314 3873 supro,
345 3825 636 3863 memoratus
668 3817 928 3875 impressus
960 3818 1132 3866 codex.
1164 3819 1372 3864 habent:

170 3876 412 3925 Munatius
427 3877 786 3938 nucem-quod
809 3880 1076 3928 verisimilis
1094 3881 1168 3927 sit.
1200 3886 1376 3933 Quam-

170 3954 308 3999 quam
332 3942 460 3986 enim
476 3941 768 3990 clarissimus
783 3959 842 3989 eo
858 3943 1052 3990 nomine
1071 3944 1231 3990 suerat
1245 3943 1373 4004 Lug·

172 4002 282 4111 gduni
304 4003 353 4049 in
368 4003 530 4051 Gellia
544 4006 782 4062 conditor,
800 4007 925 4052 hunc
942 4014 1105 4053 tamen
1123 4006 1270 4053 fuisse
1293 4007 1374 4052 vix

236 4080 284 4112 es
307 4065 383 4111 sit.

231 4128 273 4174 4
294 4128 346 4188 Q.
363 4127 570 4176 Cam'um
580 4129 787 4191 &gutum
795 4129 1048 4194 maluerat]
1068 4130 1224 4178 Cassii
1243 4130 1369 4178 Lon-

172 4190 283 4250 gini.
347 4190 485 4250 Saepe
506 4192 636 4239 enim
658 4192 748 4239 sibi
784 4193 1079 4253 propinquos
1120 4193 1370 4255 legebant,

173 4263 220 4298 et
241 4254 388 4300 frater
410 4254 628 4312 fratrem,
650 4264 837 4313 patrem
854 4257 992 4303 filius.

232 4317 275 4361 6.
320 4315 552 4365 Plancum
594 4316 881 4380 municipem
917 4332 1056 4366 suum
1099 4318 1368 4381 adjuvant]

173 4378 256 4431 Qui
274 4378 318 4423 in
337 4380 508 4426 eodem
526 4379 786 4439 municipio
803 4397 888 4427 suo
905 4396 1080 4440 nempe
1098 4390 1238 4428 natus
1252 4389 1373 4428 erat.

232 4441 297 4488 lb.
329 4440 627 4503 Italicensem]
684 4443 762 4490 Ex
792 4443 960 4491 Italica
982 4446 1099 4490 urbe
1122 4443 1372 4503 Hispania!

171 4503 200 4551 a
214 4502 433 4563 Scipione
448 4504 518 4551 sic
531 4505 798 4562 nominata,
812 4520 917 4564 quae
934 4507 1238 4564 sequentibus
1253 4515 1372 4553 tem·

171 4566 358 4623 poribus
381 4566 604 4628 ijani,
628 4568 828 4615 Adriani
861 4576 911 4615 et
931 4569 1192 4616 Theodosii
1215 4569 1371 4629 Impe-

172 4631 562 4740 ηῗωᾶνὲἷὲἷὴ
583 4631 1264 4751 ῑΐὲἐρᾎῖἒρῗαῖῗὲἓῗηεωεε
1288 4708 1372 4753 μ»

169 4753 300 4813 pulos
315 4767 423 4807 esse
436 4753 505 4803 ait
814 4755 896 4805 lib.
912 4771 969 4808 ιι.
984 4770 1094 4818 cup.
1109 4758 1157 4805 6.
1195 4756 1374 4807 strabo

1428 3135 1601 3181 erant
1658 3121 1887 3181 conscii
1940 3121 2149 3199 caedis,
2190 3123 2372 3204 jubet
2402 3145 2570 3185 com-

592 3201 894 3285 legionem
954 3226 1008 3266 v.
1070 3206 1131 3266 in
1181 3219 1380 3267 castra
1435 3205 1700 3283 remittit,
1761 3206 2115 3270 cohortibus
2175 3229 2311 3270 xxx.
2375 3223 2569 3271 reten-

352 3287 592 3350 Indicio
644 3287 893 3352 Minutii
968 3291 1307 3374 cognoscit,
1370 3289 1447 3353 L.
1503 3290 1837 3370 Racilium,
1903 3305 1964 3354 et
2020 3291 2098 3355 L.
2155 3292 2568 3373 Laterensem,

1432 3505 1548 3551 vero
1586 3505 1704 3552 facit
1737 3504 1997 3552 Cantabris
2033 3505 2262 3553 finitimo·
2285 3508 2347 3553 ad
2372 3508 2653 3567 septentrio·

1435 3582 1566 3623 nem,
1589 3583 1791 3627 quorum
1815 3571 1928 3614 urbs
1951 3568 2089 3615 varia
2111 3571 2173 3615 ad
2211 3569 2468 3630 trajectum
2502 3572 2649 3626 Iberi,

1439 3631 1486 3677 id
1504 3639 1595 3688 est,
1618 3631 1698 3677 ubi
1720 3630 1888 3690 incipit
1913 3644 2020 3677 esse
2052 3631 2349 3693 navigabilis.
2414 3632 2653 3679 Videntur

1435 3708 1541 3740 esse
1575 3693 1920 3740 Navarrenses.
1985 3693 2224 3741 Dicuntur
2245 3696 2422 3742 ibidem
2446 3693 2475 3741 ὲ
2498 3696 2651 3744 Gallis

1436 3757 1547 3803 orti.

1506 3820 1579 3865 13.
1610 3816 1846 3865 Hinulitu
1881 3816 2000 3865 inter
2020 3834 2155 3875 saxa,
2194 3833 2297 3880 quoe
2321 3818 2563 3882 jaciebant
2598 3820 2654 3869 in

1438 3878 1834 3943 itinere‚sugiem
1976 3880 2169 3943 ἠπίων]
2219 3879 2539 3941 Manuscripti
2557 3883 2649 3931 Re-

1436 3943 1503 4004 gii
1520 3942 1710 3990 codices
1728 3945 1839 3998 duo,
1901 3944 2048 3991 huani
2066 3944 2263 4018 totidem
2279 3946 2485 4015 habent:
2521 3947 2652 3993 Inter

1434 4005 2650 4130 ffaffgtf‘jfftz'ztm‘iss?„2¹3¹2z'xpl‘551121’tss³312

1433 4131 1658 4178 occidunt
1681 4139 1764 4177 eut
1787 4132 2074 4188 vulnerant3
2108 4131 2188 4190 qui
2212 4141 2371 4179 eutem
2407 4131 2455 4177 in
2480 4131 2649 4180 itinere

1424 4192 1614 4255 jacent,
1635 4194 1839 4254 fugienti
1861 4194 2024 4252 lapsus
2046 4209 2272 4242 caussam
2294 4194 2519 4251 afferunt,
2543 4194 2647 4256 lap·

1434 4272 1515 4303 sus
1538 4264 1698 4303 utitem
1730 4270 1917 4304 moram
1953 4256 2186 4319 objiciens
2208 4266 2259 4304 et
2278 4257 2533 4303 retardans
2573 4260 2644 4305 su-

1436 4319 1665 4380 gientem,
1686 4326 1737 4366 ut
1759 4320 2059 4379 opprimatur
2080 4319 2109 4367 ὸ
2129 4318 2521 4379 persequentibus
2543 4320 2644 4368 effi-

1435 4381 1517 4428 cit.
1584 4381 1664 4428 Sic
1687 4381 1972 4438 Pausanias,
1996 4382 2245 4430 interfecto
2263 4380 2507 4440 Phillippo
2528 4399 2645 4445 rege

1436 4444 1756 4501 Macedoniae,
1779 4446 1986 4505 fugiens,
2018 4446 2082 4491 ad
2105 4445 2212 4491 vitis
2236 4445 2436 4502 stirpem
2457 4445 2644 4494 offenso

1434 4508 1560 4565 pede
1581 4507 1771 4564 cecidit,
1792 4516 1842 4554 et
1862 4509 2028 4566 lapsus
2051 4506 2180 4554 humi
2199 4506 2227 4554 a
2248 4510 2643 4567 persequentibus

1434 4583 1587 4680 01,ῗὲ
1589 4577 1886 4680 ,lg-rigis&
1919 4629 2151 4694 legionis]
2212 4632 2486 4681 vernacula
2515 4634 2642 4693 legio

1434 4705 1584 4743 antea
1605 4694 1838 4753 Pompeio
1891 4693 2069 4742 iilitans
2087 4694 2342 4744 &Varrone
2359 4695 2463 4758 ejus
2481 4697 2642 4756 legato

1434 4760 1501 4806 ed
1523 4757 1768 4808 Caesarem
1787 4758 1850 4806 de
1872 4765 2049 4806 ecerat.
