3059 5050
960 327 1740 531 L'IBER
1861 417 2013 528 Π,

1156 769 1825 837 ARGUMENTUM.

264 942 458 1008 Liber
499 942 786 1008 secundus
810 943 1213 1030 expeditiones
1241 940 1482 1006 bellicas
1512 952 1773 1027 quatuor
1801 941 2077 1019 continet,
2105 959 2309 1024 nempe
2337 936 2553 1002 bellum
2582 959 2721 1001 oon-

352 1040 446 1092 tra
491 1027 728 1114 Belgas
743 1053 771 1107 ,·
813 1039 1018 1093 contra
1075 1027 1341 1091 Nervios
1362 1049 1388 1101 ‚·
1432 1036 1642 1089 contra
1693 1025 2008 1090 Atuaticos
2025 1049 2051 1103 ,·
2095 1034 2301 1088 contra
2351 1022 2720 1099 Armoricae,

349 1125 863 1261 &²2⁰3ng
889 1113 1048 1261 35.
1076 1108 2006 1261 32²⁸..Zss'f0‘2‘233253'3ss'ffif11
2032 1108 2286 1173 ΟΜΝ
2310 1107 2434 1192 ‘³³⁴⁸
2463 1107 2718 1194 “W“
2815 1172 2822 1179 ·

264 1407 293 1472 ί
533 1365 732 1430 UUM
761 1382 913 1431 esset
942 1367 1160 1431 Caesar
1201 1366 1262 1428 in
1293 1364 1572 1427 citeriore
1592 1364 1796 1427 Gallia
1821 1365 1884 1426 in
1913 1364 2197 1439 hibernis,
2227 1362 2311 1425 ita
2342 1362 2428 1425 uti
2458 1362 2642 1446 supra

303 1456 319 1472 ⁰
578 1454 1140 1529 demonstravitum,
1194 1451 1386 1513 crebri
1442 1450 1518 1511 ad
1550 1471 1687 1512 eum
1720 1470 1990 1513 rumores
2020 1448 2437 1524 afferebantur,
2484 1447 2641 1510 litte-

260 1538 466 1619 risque
496 1538 633 1599 item
668 1536 925 1599 Labieni
958 1538 1179 1599 certior
1221 1536 1423 1611 fiebat,
1478 1556 1687 1596 omnes
1716 1533 1964 1617 Belgas,
2013 1553 2196 1615 quam
2229 1532 2464 1595 tertiam
2511 1552 2642 1593 esse

264 1621 492 1683 Gallim
521 1636 752 1705 partem
783 1622 1151 1696 dixeramus,
1201 1632 1415 1681 contra
1456 1618 1748 1703 populum
1774 1616 1857 1681 R.
1883 1620 2225 1700 conjurare,
2279 1616 2641 1699 obsidesque

260 1705 420 1768 inter
449 1727 510 1766 se
540 1707 703 1768 dare.
791 1705 1174 1768 Con‘urandi
1200 1705 1308 1766 has
1336 1724 1464 1765 esse
1493 1724 1777 1765 caussas:
1821 1702 2120 1778 Primum,
2171 1700 2641 1783 qnod-vereren-
2685 1705 2728 1762 5

259 1805 384 1865 tur,
416 1811 510 1865 ne,
537 1791 700 1851 omni
730 1806 952 1872 pacata
981 1788 1206 1864 Gallia,
1238 1788 1316 1849 ad
1359 1808 1463 1848 eos
1491 1788 1794 1850 exercitus
1822 1800 2024 1849 noster
2052 1786 2491 1851 adduceretur:
2536 1786 2642 1848 de-

265 1873 432 1949 inde,
460 1873 623 1954 quod
655 1875 731 1934 ab
761 1872 1066 1934 nonnullis
1096 1871 1292 1932 Gallis
1322 1870 1826 1948 sollicitarentnr3
1869 1871 2110 1955 partim,
2140 1871 2245 1951 qui
2278 1882 2343 1932 ut
2384 1867 2644 1935 Germa-

265 1978 382 2019 nos
412 1957 635 2018 diutius
660 1958 720 2018 in
754 1955 959 2018 Gallia
985 1955 1209 2017 versari
1240 1953 1486 2030 nollent,
1541 1956 1624 2015 ita
1655 1953 1865 2038 populi
1895 1952 1977 2016 R.
2009 1954 2339 2016 exercitum
2378 1954 2645 2016 hiemare

262 2054 450 2122 atque
480 2043 912 2103 inveterascere
941 2042 1002 2101 in
1035 2039 1239 2101 Gallia
1270 2037 1520 2100 moleste
1547 2038 1861 2116 serebant3
1904 2039 2124 2121 partim
2158 2038 2284 2120 qui,
2311 2038 2646 2100 mobilitate

258 2140 322 2187 et
352 2125 591 2187 levitate
621 2125 829 2201 animi,
860 2124 1033 2186 novis
1062 2124 1329 2207 imperiis
1353 2124 1674 2185 studebant
1701 2145 1717 2184 ε
1763 2125 1839 2185 ab
1887 2121 2194 2184 nonnullis
2240 2122 2442 2199 etiam,
2476 2122 2728 2205 quodlo

166 2236 209 2293 '.
260 2210 324 2271 in
359 2208 563 2271 Gallia
583 2210 619 2270 a
642 2209 1100 2293 potentioribus,
1134 2221 1314 2289 atque
1338 2206 1411 2268 iis
1441 2209 1544 2289 qui
1578 2207 1657 2269 ad
1687 2207 2118 2269 conducendos
2146 2206 2420 2268 homines
2448 2207 2643 2273 sacul-

261 2309 412 2356 tates
443 2294 765 2371 habebant,
794 2293 982 2375 vulgo
1014 2312 1203 2374 regna
1232 2294 1732 2375 occupabantur3
1777 2293 1880 2374 qui
1910 2290 2105 2353 minus
2127 2289 2308 2353 facile
2338 2311 2474 2355 eam
2512 2313 2639 2357 rem

259 2380 342 2440 im
391 2378 517 2440 erio
542 2392 750 2440 nostro
774 2378 1063 2461 consequi
1092 2389 1388 2461 poterant.

381 2463 430 2526 Ι.
476 2462 559 2525 Iis
583 2464 807 2527 nuntiis
828 2462 1157 2544 litterisque
1185 2474 1524 2524 commotus
1548 2458 1784 2537 Caesar,
1809 2460 1963 2524 duas
1981 2459 2253 2543 legiones
2272 2460 2336 2524 in
2359 2462 2639 2527 citeriore

262 2547 468 2624 Gallia
492 2569 678 2610 novas
697 2548 1075 2631 conscripsit,
1105 2560 1164 2609 et
1193 2545 1344 2610 initii.
1373 2559 1602 2623 aestate,
1627 2546 1690 2608 in
1717 2546 2058 2612 interiorem
2088 2546 2376 2625 Galliam,
2400 2548 2504 2630 qui
2529 2548 2717 2611 ‹ie-15

264 2631 532 2708 duceret,
562 2630 641 2716 Q.
671 2633 933 2696 Pedium
963 2631 1231 2714 legatum
1264 2631 1441 2694 misit.
1530 2629 1560 2693 Ι
1608 2652 1690 2708 se,
1716 2653 1901 2713 quum
1933 2631 2195 2715 primum
2222 2631 2431 2716 pabuli
2456 2633 2641 2717 copia

261 2737 393 2778 esse
420 2716 724 2801 inciperet,
775 2718 853 2778 ad
906 2717 1237 2778 exercitum
1286 2717 1469 2778 venit.
1625 2729 1688 2778 at
1732 2717 2043 2797 negotium
2078 2715 2444 2794 Senonibus,
2497 2716 2638 2780 reli-

258 2800 516 2883 quisque
546 2800 760 2878 Gallis,
785 2802 888 2884 qui
920 2801 1155 2862 finitimi
1188 2798 1400 2881 Belgis
1429 2813 1620 2877 erant,
1667 2797 1753 2862 uti
1781 2821 1876 2878 ea,
1907 2822 2049 2883 quae
2079 2802 2241 2884 apud
2272 2821 2377 2863 eos
2419 2822 2639 2882 geran-

256 2900 375 2961 tur,
400 2900 794 2967 cognoscant,
824 2905 1007 2968 seque
1033 2885 1110 2946 de
1139 2885 1231 2947 his
1259 2887 1437 2946 rebus
1490 2885 1807 2947 certiorem
1839 2884 2084 2947 saciant.
2172 2883 2261 2948 Hi
2291 2899 2638 2949 constanter

255 2991 466 3032 omnes
495 2972 939 3047 nuntiaverunt,
970 2990 1186 3031 manus
1215 2970 1378 3051 cogi,
1409 2970 1743 3031 exercitum
1794 2969 1855 3030 in
1887 2989 2072 3030 unum
2115 2967 2317 3031 locum
2351 2969 2722 3034 conduci.20

252 3049 422 3116 Tum
454 3054 599 3116 vero
644 3054 1044 3117 dubitandum
1098 3075 1221 3115 non
1251 3054 1640 3129 existimavit,
1689 3051 1837 3134 quin
1866 3053 1946 3113 ad
1993 3073 2097 3112 eos
2144 3053 2508 3115 duodecimo
2537 3053 2639 3116 die

255 3139 756 3222 proficisceretur.
844 3137 940 3199 Re
969 3138 1359 3201 frumentaria
1382 3137 1646 3222 provisi,
1684 3148 1884 3198 castra
1902 3148 2122 3212 movet,
2154 3135 2488 3218 diebusque
2517 3138 2637 3200 cir·
2697 3139 2702 3146 ’

252 3224 407 3285 citer
434 3244 535 3285 xv.
562 3224 639 3285 ad
670 3225 818 3287 fines
835 3221 1171 3304 Belgarum
1203 3223 1492 3307 pervenit.

337 3306 456 3370 111.
500 3307 604 3371 Εό
634 3329 818 3391 quum
849 3305 925 3370 de
948 3308 1298 3391 improviso,
1330 3306 1704 3390 celeriusque
1733 3305 2004 3369 omnium
2037 3303 2329 3388 opinione
2353 3304 2632 3384 venisset,

249 3391 498 3470 Rhemi,
531 3393 634 3474 qui
666 3393 928 3476 proximi
963 3391 1187 3454 Gallioe
1216 3412 1293 3455 ex
1324 3390 1539 3473 Belgis
1568 3406 1725 3468 sunt,
1758 3392 1835 3454 ad
1865 3412 2001 3453 eum
2052 3391 2286 3472 legatos
2308 3388 2542 3454 Iccium
2574 3396 2716 3458 et25

248 3477 696 3558 Antebrogium
727 3477 955 3561 primos
983 3477 1244 3539 civitatis
1274 3497 1400 3538 snae
1444 3477 1771 3554 miserunt3
1816 3475 1918 3558 qui
1963 3476 2250 3552 dicerent,
2296 3497 2359 3539 se
2404 3497 2633 3560 suaque

247 3561 459 3623 omnia
485 3562 553 3623 in
577 3562 759 3624 fidem
808 3574 990 3643 atque
1016 3575 1372 3644 potestatem
1403 3561 1615 3645 populi
1646 3559 1728 3622 R.
1760 3561 2122 3644 permittere,
2169 3582 2363 3642 neque
2395 3581 2458 3623 se
2487 3583 2626 3625 cum

250 3646 496 3729 reliquis
524 3644 738 3728 Belgis
766 3646 1154 3723 consensisse,
1201 3667 1277 3707 ne
1320 3666 1395 3708 ue
1424 3658 1637 3707 contra
1680 3644 1972 3729 populum
2022 3644 2104 3707 R.
2137 3645 2386 3706 omnino
2417 3647 2632 3726 conju-

246 3730 431 3807 rasse,
461 3744 826 3815 paratosque
869 3751 996 3792 esse
1037 3744 1097 3791 et
1139 3730 1269 3792 obsi
1316 3751 1379 3792 es
1408 3729 1576 3806 dare,
1622 3743 1681 3792 et
1723 3731 2019 3813 imperata
2049 3728 2263 3806 facere,
2293 3743 2354 3791 et
2383 3750 2422 3789 o
2510 3729 2627 3792 idio

248 3815 535 3898 recipere,
564 3827 625 3880 et
646 3814 946 3876 &umento
974 3815 1328 3898 coeterisque
1356 3816 1536 3876 rebus
1565 3815 1825 3894 juvare:
1871 3813 1978 3876 reli
2025 3835 2133 3876 uos
2163 3834 2372 3876 omnes
2457 3813 2712 3898 elga-sao

253 3898 319 3960 in
349 3900 535 3961 armis
554 3919 710 3962 esse:
757 3896 1216 3982 Germanosque
1263 3898 1365 3982 qui
1406 3898 1493 3960 cis
1535 3897 1822 3961 Rhenum
1869 3898 2010 3961 inco
2034 3912 2160 3976 unt,
2207 3918 2334 3962 sese
2362 3919 2501 3961 cum
2531 3899 2625 3960 his

966 4035 1627 4086 INTERPRETATIONES
1660 4038 1748 4086 m·
1779 4038 1824 4087 Ν
1826 4039 1990 4086 0⁴1AE.

317 4130 391 4176 1⁶.
434 4130 725 4205 Q.·Podr'um
765 4134 1012 4198 legatum]
1044 4136 1101 4188 Q.
1143 4134 1318 4182 Pedius
1358 4134 1442 4181 Jn-
1589 4151 1645 4183 os
1681 4145 1839 4195 notus,
1876 4137 2014 4199 cujus
2050 4139 2170 4186 fines
2206 4139 2288 4200 qut
2323 4154 2466 4188 nosse
2487 4141 2710 4202 voluerit,

244 4191 324 4239 lia
368 4203 545 4239 sororis
595 4194 799 4244 Conni·
838 4209 992 4255 nepo·
1032 4203 1154 4252 ent,
1191 4205 1240 4243 et
1281 4198 1344 4242 ab
1384 4211 1443 4242 eo
1813 4199 2165 4247 Ecclesiasticus
2198 4201 2506 4259 senonensis,
2553 4203 2710 4253 Antis·

242 4263 420 4365 ἴασι
449 4255 649 4315 aci-sputu
669 4266 743 4305 est
762 4261 914 4306 hores
934 4273 997 4305 ex
1028 4259 1295 4331 quadrante
1330 4272 1441 4305 cum
1503 4261 1886 4321 siodorendsque
1920 4262 2038 4309 fine·
2076 4261 2215 4317 norit,
2250 4276 2371 4320 quos
2409 4262 2590 4324 duplex
2625 4266 2711 4316 illa

338 4315 553 4374 Pinario,
593 4327 714 4366 teste
744 4320 941 4367 Sueton-
1003 4319 1120 4367 Pont
1139 4321 1321 4379 aliquot
1354 4335 1440 4368 an·
1502 4321 1733 4370 Dioecesis
1755 4323 2210 4383 comprehendebat,
2234 4324 2360 4370 Sem.

241 4392 332 4426 no·
373 4380 673 4428 contutatum
717 4395 827 4429 cum
879 4382 1071 4429 Cuare
1125 4382 1294 4434 octav.
1336 4397 1441 4444 ge·-
1565 4384 1642 4430 25.
1675 4384 1879 4446 Memfi]
1915 4384 2102 4431 Pariter
2121 4385 2222 4431 noti
2252 4386 2314 4431 de
2342 4386 2550 4434 nomine.
2615 4391 2709 4444 Ca-

240 4440 322 4549 ,2‘2
363 4443 552 4566 περ
582 4443 1443 4566 ,ετπωωωεμιπεὴωψξε
1503 4446 2440 4570 wtfmmfflmwsws.
2460 4510 2707 4578 ...ml

245 4563 467 4613 Cetaria.
1502 4568 1545 4615 Ii
1585 4575 1756 4627 postea
1796 4568 2107 4617 nominantur
2141 4571 2399 4632 Condrusi,
2438 4573 2709 4634 Eburones,

309 4626 383 4675 17.
413 4627 515 4678 Dat
532 4628 770 4693 negotiu·
792 4627 1085 4692 Senonibus]
1119 4629 1335 4679 Senones
1355 4643 1440 4691 po·
1503 4630 1713 4692 Cerni,
1735 4630 1963 4679 romani.

2247 4756 2324 4766 αισι-ι
2361 4757 2368 4764 ι
