3059 5050
1217 266 1498 335 LIBER
1537 266 1658 334 111.
2555 274 2683 339 m

7 469 12 494 ,
235 438 356 482 ros.
440 415 497 481 1⁸·
602 428 810 481 uenter
859 417 1045 481 edam
1072 437 1151 481 ex
1183 417 1450 502 pet-fugis
1476 415 1946 500 cognoscebant,
1999 434 2186 500 equos
2231 436 2440 483 eornm
2489 419 2600 487 vix

5 543 13 578 ¹
237 504 498 581 tolerari,
522 525 585 581 re
610 503 753 586 ‘qua
775 502 920 565 vero
939 505 1222 584 jumenta
1244 503 1552 566 interisse:
1596 502 1681 564 uti
1711 514 1909 564 autem
1931 502 2093 585 ipsos
2110 503 2452 569 valetudine
2474 527 2601 571 non

235 589 416 666 bona,
448 583 633 671 quum
664 588 961 671 angustiis
989 587 1129 664 loci,
1158 600 1218 650 et
1240 588 1429 650 odore
1478 589 1651 664 tetro,
1681 600 1740 648 et
1784 584 2164 650 multitudine
2214 593 2598 675 cadaverum,

231 687 293 735 et
339 672 706 756 quotidianis
734 671 1082 750 laboribus;
1125 673 1386 734 insuetos
1432 692 1702 755 operum,
1749 684 1875 733 tum
1925 692 2103 754 aquae
2133 675 2368 736 summa
2397 677 2604 761 inopi&

234 757 517 857 [affectos
543 756 608 906 ὲ
640 758 846 821 omnia
879 757 1039 820 enim
1086 756 1351 833 flumina,
1378 770 1557 838 atque
1586 776 1796 818 omnes
1823 755 2004 833 rivos,
2035 757 2139 841 qui
2165 759 2249 820 ad
2273 780 2439 823 mare
2467 782 2592 845 per·
2643 766 2685 826 ὅ

7 889 8 920 3
233 845 526 922 tinebant,
614 863 770 907 aesar
799 855 904 905 aut
932 854 1245 917 averterat,
1273 854 1381 903 aut
1424 841 1664 923 magnis
1692 841 1976 925 operibus
2004 842 2402 906 obstruxerat.
2490 847 2603 910 At·

5 973 19 1010 2
233 948 373 1009 que,
402 940 471 990 ut
498 941 671 991 erant
691 927 827 990 loca
849 941 1184 1002 montuosa,
1214 940 1276 987 et
1295 925 1374 988 ad
1406 946 1619 1009 specus
1648 925 1950 1009 angustiae
1985 926 2255 1005 vallium,
2281 927 2389 991 has
2417 930 2604 994 subli-

234 1011 324 1075 cis
375 1013 436 1075 in
487 1025 704 1076 terram
748 1011 1014 1074 demissis
1043 1023 1460 1095 praesepserat,
1506 1023 1848 1092 terramque
1877 1029 2243 1093 aggesserat,
2275 1028 2340 1075 ut
2381 1035 2603 1096 aquam

234 1098 630 1163 continerent.
713 1094 924 1178 Itaque
948 1094 1035 1157 illi
1066 1094 1403 1158 necessario
1434 1095 1575 1158 loca
1621 1095 1789 1178 sequi
1814 1096 2071 1159 demissa
2101 1118 2172 1159 ac
2205 1097 2513 1181 palustria,
2544 1113 2605 1163 et

235 1196 449 1266 puteos
478 1182 680 1244 fodere
707 1182 1126 1263 cogebantur:
1173 1195 1355 1262 atque
1384 1180 1544 1242 hunc
1586 1179 1857 1243 laborem
1906 1181 1984 1244 ad
2014 1184 2370 1264 quotidiana
2415 1190 2690 1267 open-alo

233 1266 580 1329 addebant:
624 1267 724 1348 qui
755 1279 957 1328 tamen
988 1264 1181 1329 fmtes
1211 1266 1249 1327 a
1277 1265 1640 1348 quibusdam
1694 1265 1991 1349 praesidiis
2044 1268 2296 1330 aberant
2339 1267 2602 1351 long-ius,

229 1364 292 1412 et
319 1351 584 1413 celeriter
612 1352 859 1413 aestibus
886 1351 1340 1415 exarescebaut.
1428 1350 1512 1412 At
1542 1347 1808 1412 Caesaris
1836 1352 2136 1413 exercitus
2182 1354 2413 1437 optima
2440 1354 2603 1416 vale-

230 1436 455 1513 tudine,
484 1435 837 1519 summaque
865 1457 1047 1519 aquae
1076 1436 1256 1520 cupii
1299 1436 1613 1512 utebatur;
1681 1449 1805 1497 tum
1858 1436 2232 1499 commeatus
2284 1439 2449 1501 omni
2496 1458 2605 1521 ge·

229 1541 371 1583 nere
400 1533 621 1605 praeter
649 1522 1010 1584 frumentum
1041 1520 1430 1583 abundabat:
1474 1520 1693 1602 quibus
1744 1520 2015 1602 quotidie
2042 1522 2256 1584 melius
2285 1523 2605 1588 succedere

228 1618 481 1753 tenipus,
512 1608 924 1689 majoremque
953 1626 1120 1752 sggffi
1153 1606 1492 1752 maturi‘ffite
1522 1604 1963 1752 mummarnugz
2008 1626 2244 1753 regg-ogi
2272 1607 2578 1708 videbant.
2610 1615 2686 1674 15

470 1713 510 1754 n
540 1712 703 1753 novo
807 1711 949 1753 nere
1148 1710 1327 1753 novae
1465 1711 1503 1751 u
1655 1710 1732 1752 ue
2005 1710 2027 1751 ι
2214 1712 2318 1754 nes
2345 1713 2606 1778 repen&

228 1779 468 1839 bantur.
556 1774 678 1852 Illi,
703 1712 887 1857 gneum
919 1774 1479 1838 animadvertissent
1508 1703 1915 1855 t‹tiitzqignibuta
1946 1787 2130 1837 noctu
2158 1776 2436 1839 cohortes
2465 1798 2606 1840 nos·

228 1876 352 1923 tras
383 1861 460 1923 ad
493 1860 855 1923 munitiones
882 1860 1206 1935 excubare,
1236 1857 1472 1921 silentio
1498 1858 1733 1921 adversi
1764 1857 2072 1921 universas
2091 1861 2252 1923 intra
2273 1860 2607 1924 multitudi-

226 1966 367 2008 nem
393 1946 647 2027 sagittas
675 1944 1099 2027 conjiciebant,
1118 1957 1179 2005 et
1206 1964 1268 2006 se
1290 1941 1605 2005 confestim
1631 1942 1711 2005 ad
1735 1963 1874 2004 suos
1899 1943 2288 2027 recipiebant.
2363 1942 2604 2027 Quibus

227 2032 410 2094 rebus
434 2030 642 2106 nostri,
673 2050 785 2091 usu
807 2029 992 2106 docti,
1022 2028 1158 2093 haec
1199 2027 1578 2112 reperiebant
1597 2027 1885 2105 remedia,
1910 2041 1978 2090 ut
2005 2028 2128 2091 alio
2150 2029 2291 2093 loeo
2319 2030 2491 2112 ignes
2515 2030 2687 2097 svm

226 2131 453 2193 cerem,
480 2115 603 2179 alio
631 2115 1019 2177 excubarent.

5 1085 19 1613 -ᾼ--ν-τ-ᾕ-·

1204 2197 1446 2261 Desunt
1473 2196 1706 2284 aliqu.

310 2302 420 2370 LI.
451 2304 697 2371 Interim
728 2304 950 2368 certior
977 2303 1169 2367 factus
1196 2303 1274 2366 P.
1307 2303 1502 2388 Sylla,
1533 2325 1711 2386 quem
1741 2305 2053 2370 discedens
2080 2309 2291 2370 castris
2315 2311 2601 2395 proet’ece-

226 2405 322 2454 rat
368 2390 604 2468 Caesar,
655 2391 886 2453 auxilio
932 2389 1171 2452 cohorti
1224 2389 1388 2451 venit
1438 2411 1576 2451 cum
1607 2390 1950 2473 legionibus
1982 2412 2095 2454 tn:
2138 2395 2309 2476 cujus
2339 2385 2638 2459 adventu'

229 2476 408 2540 facile
438 2491 575 2539 sunt
601 2497 667 2539 re
711 2476 823 2539 ulsi
853 2474 1239 2576 Pompeiani.
1325 2473 1544 2557 Neque
1572 2476 1715 2539 vero
1747 2489 2134 2562 conspectum
2166 2492 2270 2541 aut
2312 2478 2682 2566 impetum25

230 2576 569 2625 nostrorum
602 2577 664 2624 tu
686 2575 898 2625 erunt:
943 2561 1271 2645 primisque
1300 2560 1565 2643 dejectiS,
1609 2562 1820 2644 reliqui
1851 2583 1914 2624 se
1943 2576 2331 2643 reverterunt,
2361 2580 2421 2629 et
2465 2567 2602 2631 loco

229 2661 549 2710 cesserunt.
637 2645 758 2710 Sed
789 2648 1164 2731 insequentes
1194 2659 1450 2723 nostros,
1483 2667 1560 2708 ne
1588 2646 1833 2730 longius
1876 2665 2394 2733 prosequerentur,
2426 2650 2472 2714 S
2519 2653 2603 2715 lla

227 2733 553 2796 revocavit.
640 2734 724 2795 At
755 2732 1023 2816 plerique
1050 2732 1417 2809 existimant,
1465 2731 1514 2793 si
1543 2732 1744 2794 acrius
1774 2733 2005 2817 insequi
2035 2734 2338 2813 voluisset,
2375 2738 2450 2798 be
2498 2757 2600 2800 um

224 2839 301 2879 eo
346 2818 447 2882 die
490 2818 755 2918 potuisse
790 2817 969 2880 finiri.
1054 2816 1252 2900 Cujus
1303 2816 1622 2880 consilium
1677 2818 2111 2902 reprehendam
2168 2841 2291 2881 non
2343 2820 2598 2884 videtur.

222 2902 386 2966 Aliae
409 2921 571 2966 enim
601 2919 742 2966 sunt
762 2903 949 2985 legati
978 2917 1177 2986 partes
1207 2917 1387 2985 atque
1416 2901 1828 2986 Imperatoris.
1913 2903 2087 2966 Alter
2115 2899 2387 2989 [omnia]
2417 2909 2684 2988 agere30

220 2988 307 3050 ad
357 2988 820 3073 praeoeripmm3
864 2988 1016 3050 alter
1058 2986 1250 3050 libere
1305 2988 1382 3049 ad
1437 3009 1732 3050 summam
1787 3008 1983 3050 rerum
2037 2987 2349 3051 consulere
2400 2990 2594 3054 debet.

224 3071 406 3156 Sylla
434 3075 472 3136 a
500 3071 752 3135 Caesare
771 3073 978 3134 castris
1003 3070 1263 3150 relictuS,
1293 3071 1559 3134 liberatis
1589 3074 1728 3151 suis,
1759 3072 1878 3135 hoc
1907 3072 2019 3134 fuit
2045 3086 2379 3151 contentus,
2405 3093 2599 3158 neque

222 3157 445 3242 proelio
464 3158 770 3220 decertare
792 3157 1012 3234 voluit3
1044 3155 1101 3241 (a
1130 3177 1271 3240 quae
1295 3177 1388 3218 res
1414 3171 1612 3219 tamen
1633 3157 1882 3220 fortasse
1905 3157 2164 3239 aliquem
2187 3158 2477 3242 reciperet
2494 3180 2597 3222 ca·

223 3265 358 3306 sum
384 3242 431 3328 ς)
480 3264 556 3305 ne
587 3241 1003 3326 imperatorias
1032 3244 1146 3306 sibi
1177 3255 1376 3326 partes
1428 3242 1748 3326 sumpsisse
1797 3243 2117 3305 videretur.
2204 3240 2598 3328 Pompeianis

223 3349 514 3410 magnam
540 3347 636 3389 res
673 3327 750 3388 ad
781 3341 1084 3410 receptum
1127 3326 1537 3390 difficultatem
1570 3327 1892 3391 afferebatz
1937 3347 2077 3390 nam
2107 3347 2184 3390 ex
2215 3327 2425 3411 iniquo
2454 3331 2680 3414 pro-35

224 3413 414 3496 gressi
444 3412 582 3475 loco
611 3412 674 3475 in
724 3432 959 3474 summo
1011 3414 1416 3476 constiterant.
1504 3411 1575 3476 Si
1627 3435 1735 3497 per
1781 3413 2013 3476 declive
2063 3433 2191 3476 sese
2241 3414 2593 3499 reciperent,

224 3512 461 3561 nostros
489 3519 569 3561 ex
598 3498 907 3581 superiore
936 3495 1309 3582 insequentes
1339 3498 1478 3561 loco
1507 3500 1882 3561 verebantur.
1968 3495 2187 3580 Neque
2233 3498 2482 3563 multum
2517 3500 2593 3564 ad

223 3581 369 3644 solis
426 3603 706 3645 occasum
764 3584 1052 3667 temporis
1110 3597 1436 3667 supererat.
1460 3590 1479 3604 ⁸
1525 3579 1653 3667 Spe
1708 3583 1865 3646 enim
1925 3583 2288 3648 conficiendi
2343 3585 2593 3667 negotii,

222 3666 422 3751 prope
468 3667 530 3731 in
576 3681 812 3731 noctem
842 3688 968 3730 rem
1013 3668 1405 3731 deduxerant.
1492 3666 1590 3731 Ita
1625 3667 1986 3745 necessario,
2017 3681 2197 3751 atque
2217 3690 2296 3733 ex
2326 3683 2596 3754 tempore

2743 2254 2756 2336 l

744 3829 778 3863 a
806 3813 1113 3875 Qualem
1131 3820 1249 3864 sorte
1270 3814 1474 3878 sliqsoen
1493 3814 1719 3863 &abaciam
1739 3817 1918 3862 bouum
1939 3819 2164 3864 eveum.

282 3941 362 3988 23.
394 3939 587 3989 luterem
616 3939 780 3990 certior
799 3938 958 4003 suetus
976 3941 1035 3990 P.
1062 3939 1230 4002 Sylla]
1267 3938 1422 3987 Multa
1483 3940 1693 3988 excitata
1714 3937 1821 3986 cum
1836 3940 2002 4001 magni
2013 3940 2256 4000 equitatus
2271 3939 2476 3999 speciem
2498 3940 2676 3999 prebe·

219 4005 410 4061 desum,
442 4018 545 4062 qun
568 4003 707 4051 facile
727 4011 801 4051 est
819 4004 1039 4063 supplere
1059 4018 1123 4051 ex
1145 4002 1320 4058 Dione,
1340 4001 1420 4048 lib.
1482 4011 1558 4050 ret
1597 4002 1828 4057 hostibus,
1869 4000 1928 4049 et
1975 4016 2028 4049 re
2079 4002 2356 4062 perterritos
2398 4002 2537 4060 profu
2588 4016 2674 4048 sse.

219 4080 324 4114 ιιι.
345 4064 425 4124 qui
446 4066 611 4114 scribit
640 4065 879 4114 cesarem
910 4081 995 4125 spe
1026 4065 1296 4124 occupandi
1334 4078 1424 4123 per
1486 4064 1571 4111 Ille
1587 4063 1701 4110 vero
1718 4063 1853 4137 Sylla
1872 4065 1951 4123 qui
1974 4065 2144 4112 castris
2164 4064 2194 4113 ὸ
2215 4063 2407 4111 Cosam
2429 4077 2525 4123 pro
2545 4073 2678 4110 ectus

214 4126 624 4188 presidius-iorum
685 4129 1003 4188 proditionem
1067 4126 1422 4189 Dyrrhachium
1483 4134 1603 4182 erat,
1625 4140 1919 4185 propinquus
1935 4136 2043 4174 erat
2069 4127 2336 4182 dictatoris,
2356 4127 2493 4188 cujus
2515 4124 2679 4172 memi-

215 4203 568 4311 ffi‘ffl
566 4189 1421 4312 ⁰⁶.m..{⁰2..,·”⁸;“.·:·.;⁶,3420‘:.2¹:;s
1482 4187 1949 4298 amat-r.
1956 4188 2239 4311 Qu...-
2202 4187 2674 4297 ”werse

2490 4280 2505 4306 2

216 4313 452 4362 amisisse.
515 4315 620 4369 Quo
638 4314 784 4362 etiam
807 4316 1108 4363 referendum
1124 4323 1196 4363 est
1212 4313 1420 4361 Cesaris
1480 4313 1663 4375 gesimo
1702 4323 1838 4360 sexto
1870 4321 1977 4373 post
2007 4327 2133 4361 anno
2155 4313 2184 4360 a
2203 4312 2517 4360 seelmtione
2537 4309 2679 4357 hasti

216 4384 323 4424 stra
486 4378 667 4436 equod
688 4375 717 4426 δ
744 4376 972 4437 Poly-no
1005 4379 1226 4433 refertur,
1246 4389 1420 4433 nempe
1481 4390 1579 4422 non
1602 4376 1865 4422 recessisse.
1931 4376 2032 4423 Nec
2068 4390 2164 4421 non
2207 4374 2288 4421 ub.
2332 4388 2397 4420 n.
2438 4373 2577 4431 epist.
2615 4372 2677 4420 sd

216 4437 329 4486 cam
434 4438 673 4487 rrhaclum
694 4439 860 4486 volens
875 4453 1049 4497 capere
1072 4454 1274 4498 parvum
1288 4438 1419 4497 equi-
1484 4438 1623 4488 Fam.
1638 4438 1718 4484 ubi
1741 4438 1903 4484 scribit
1926 4452 2035 4496 pop.
2063 4435 2121 4483 R.
2144 4436 2247 4497 ejus
2269 4443 2423 4481 morte
2451 4434 2674 4488 Mamm.

215 4509 375 4549 tatum
596 4532 611 4558 ,
625 4503 714 4548 sub
733 4500 884 4548 tribus
904 4500 1177 4548 cohortibus
1193 4501 1325 4547 illum
1340 4514 1418 4547 oc·
1483 4502 1586 4554 Quo
1608 4513 1722 4560 ergo
1743 4508 1956 4558 tempore
1986 4497 2336 4559 Dyrrhachium
2358 4505 2463 4544 erat
2485 4500 2676 4557 μηνίει·-

215 4563 351 4620 aunt,
394 4564 534 4624 eique
575 4563 820 4623 precepit,
862 4561 993 4611 aliud
1032 4562 1145 4609 nihil
1183 4562 1325 4622 quam
1369 4570 1419 4610 ut
1482 4573 1577 4619 tus,
1595 4563 1777 4619 Caesar,
1805 4561 2051 4609 castellum
2076 4559 2266 4619 aliquod
2289 4558 2316 4606 a
2338 4560 2566 4619 Pompeio
2589 4560 2676 4606 suit

198 4623 407 4674 'summi
434 4625 482 4672 vi
520 4633 751 4684 qnantum
773 4632 951 4683 posset,
972 4625 1217 4683 pulverem
1245 4624 1421 4672 excita·
1484 4632 1830 4686 oppugnatum,
1866 4625 1993 4682 qood
2030 4621 2058 4671 a
2094 4622 2288 4670 cohorte
2317 4624 2676 4688 defendebatur.

210 4697 292 4738 ret
330 4687 609 4737 maximum
671 4685 1009 4749 magnares-o
1044 4686 1421 4747 nubesptuveris
1485 4683 2278 4797 cuiscobortiauxibovenitSylla.
2607 4691 2652 4710 ·'
