3059 5050
384 285 451 351 :31
465 288 509 350 Β
1415 279 1494 343 A.
1542 278 1836 345 HIRTu

461 445 614 510 erat,
646 429 749 515 qui
780 428 968 493 modo
1017 425 1285 511 aliquam
1317 427 1628 509 jacturam
1660 428 1859 491 facere
1906 439 2126 513 posset,
2169 428 2315 511 quin
2364 442 2471 492 aut
2518 428 2970 492 vadisnonio

462 532 787 595 teneretur,
812 532 914 578 aut
939 518 1001 577 in
1028 536 1162 576 reos
1190 513 1526 576 referretur.
1617 513 1717 577 Ita
1739 516 1920 575 etiam
1947 535 2175 595 magna
2199 514 2552 577 sollicitudo
2579 516 2968 599 periculo-

465 626 598 668 rum
622 604 700 665 ad
720 605 996 684 jacturas
1028 613 1087 661 et
1116 599 1475 661 detrimenta
1507 598 1592 661 rei
1623 598 1941 661 familiaris
1971 599 2440 681 adjungebatur.

550 688 629 752 L.
662 687 902 771 Quibus
931 686 1007 748 de
1031 684 1258 746 caussis
1289 684 1531 762 accidit,
1579 697 1664 763 ut,
1711 706 1895 767 quum
1932 682 2256 767 Longinus
2283 684 2649 786 Imperator
2689 687 2959 748 eadem

384 778 425 838 5
468 774 713 851 faceret,
744 793 883 854 quae
909 771 1135 833 fecerat
1164 783 1451 852 quaestor,
1484 769 1706 832 similia
1737 791 1941 832 rursus
1972 771 2049 832 de
2103 784 2299 832 morte
2348 792 2477 854 ejus
2533 773 2961 856 provincia-

470 861 556 924 les
581 857 837 922 consilia
866 857 1105 918 inirent.
1194 853 1434 917 Horum
1493 855 1700 917 odium
1754 856 2201 917 confirmabant
2230 857 2503 919 nonnulli
2557 857 2955 919 familiares

470 948 644 1028 ejus:
689 943 812 1027 qui,
843 962 1032 1025 quum
1078 940 1140 1002 in
1190 939 1298 1002 ills
1349 939 1634 1002 societate
1681 954 2063 1003 versarentur
2114 941 2488 1024 rapinarum,
2546 942 2796 1004 nihilo
2831 944 2952 1004 mi·

472 1052 586 1094 nus
614 1030 873 1092 oderant
900 1047 1060 1104 eum,
1091 1027 1263 1107 cujus
1316 1025 1563 1087 nomine
1608 1027 1990 1110 peccabant:
2037 1025 2273 1109 sibique
2318 1027 2484 1109 quod
2528 1043 2946 1113 rapuerant,

475 1127 795 1198 acceptum
850 1111 1166 1189 ferebant3
1212 1111 1378 1194 quod
1433 1111 1838 1188 interciderat,
1870 1124 1975 1174 aut
2003 1124 2134 1173 erat
2161 1112 2650 1196 interpellatum,
2683 1112 2943 1175 Cassio

397 1200 893 1282 lOassignabant,
926 1219 984 1259 v,
1016 1196 1320 1279 legionem
1354 1217 1578 1258 novam
1611 1198 1959 1260 conscribit.
2020 1197 2297 1279 Augetur
2321 1199 2531 1260 odium
2564 1212 2640 1260 et
2665 1220 2770 1261 ex
2801 1201 2940 1282 ipso

474 1286 731 1362 delectu,
773 1298 834 1346 et
880 1296 1120 1366 sumptu
1176 1282 1403 1345 additae
1450 1281 1728 1364 legionis,
1817 1280 2220 1367 Complentur
2265 1284 2537 1366 equitum
2599 1305 2728 1346 ιιι.
2797 1285 2932 1346 mil-

477 1373 562 1435 lia
588 1393 604 1433 2
654 1369 1056 1451 maximisque
1085 1380 1417 1430 onerantur
1468 1368 1756 1452 impensis
1783 1390 1799 1429 ι
1845 1389 1956 1429 nec
2004 1368 2339 1452 provinciae
2381 1369 2568 1432 datur
2627 1369 2786 1431 ulla
2841 1392 2928 1431 re-

523 1478 668 1519 uies.

477 1480 519 1541 q
564 1540 672 1604 LI.
719 1538 969 1603 Interim
1021 1539 1249 1601 litteras
1302 1537 1538 1621 accepit
1591 1538 1628 1601 a
1675 1537 1950 1617 Caesare,
2005 1552 2070 1601 ut
2116 1538 2177 1600 in
2224 1538 2499 1600 Africam
2545 1540 2916 1602 exercitum

399 1627 873 1709 l5transjiceret,
952 1646 1180 1709 perque
1250 1622 1687 1686 Mauritaniam
1760 1625 1839 1687 ad
1911 1624 2060 1688 fines
2129 1623 2192 1686 N
2197 1623 2442 1687 umidiae
2503 1626 2914 1709 perveniret:

478 1713 641 1797 quod
698 1733 925 1793 magna
978 1708 1100 1774 Cn.
1155 1707 1456 1794 Pompeio
1512 1708 1678 1772 Juba
1737 1731 1842 1772 rex
1909 1712 2152 1773 miserat
2210 1709 2458 1787 auxilia,
2523 1712 2910 1793 majoraque

479 1799 768 1861 missurus
797 1796 1280 1859 existimabatur.
1368 1795 1611 1878 Quibus
1658 1796 1867 1858 litteris
1920 1795 2202 1880 acceptis,
2258 1795 2541 1857 insolenti
2574 1797 2908 1881 voluptate

482 1884 864 1959 efferebatur,
919 1881 1084 1964 quod
1144 1881 1256 1943 sibi
1318 1902 1613 1943 novarum
1674 1882 2149 1966 provinciarum,
2200 1898 2259 1943 et
2311 1880 2675 1943 fertilissimi
2735 1884 2902 1965 regni

480 1984 649 2032 tanta
674 1968 881 2031 oblata
910 1981 1064 2029 esset
1094 1967 1366 2028 facultas,
1456 1966 1672 2049 ltaque
1703 1969 1829 2051 ipse
1859 1968 1920 2029 in
1946 1967 2326 2030 Lusitaniam
2348 1967 2805 2050 proficiscitur,
2832 1969 2898 2029 ad

395 2056 753 2137 201egiones
774 2053 1190 2129 accersendas,
1212 2052 1562 2135 auxiliaque
1586 2052 1967 2116 adducenda.
2055 2051 2255 2114 Certis
2276 2052 2638 2113 hominibus
2665 2054 2781 2115 dat
2803 2076 2897 2116 ne-

482 2142 739 2223 gotium,
765 2152 831 2200 ut
861 2139 1224 2200 frumentum
1259 2158 1563 2220 navesque
1593 2159 1653 2199 e.
1685 2153 2196 2222 praepararentur,
2228 2137 2640 2221 pecuniaeque
2673 2139 2896 2201 descri-

480 2228 766 2287 berentur
819 2240 1001 2307 atque
1056 2223 1135 2283 im
1184 2236 1513 2298 erarentur‚
1607 2244 1808 2305 nequa
1853 2246 1965 2300 reS,
2006 2243 2191 2305 quum
2223 2223 2488 2299 redisset,
2525 2238 2887 2286 moraretur.

478 2309 740 2374 Reditus
769 2310 896 2392 ejus
927 2308 1041 2371 fuit
1069 2245 1322 2369 celerior
1347 2308 1620 2369 omnium
1652 2309 1984 2392 opinione3
2031 2331 2153 2371 non
2183 2309 2342 2370 enim
2374 2308 2558 2370 labor
2590 2324 2705 2371 aut
2731 2311 2878 2391 rigi-

481 2396 675 2458 lantia
706 2417 782 2458 cu
828 2393 971 2457 ienti
1000 2393 1336 2478 praesertim
1370 2393 1600 2476 aliquid
1633 2392 1854 2458 Cassio
1884 2396 2109 2457 deerat.

398 2484 479 2545 25
572 2479 714 2545 LII.
762 2416 1057 2544 ἕχει-εἰει]
1087 2493 1306 2544 coacto
1336 2479 1399 2542 in
1431 2501 1615 2543 unum
1646 2479 1871 2560 locum,
1916 2481 2128 2543 castris
2175 2480 2255 2543 ad
2304 2478 2682 2544 Cordubam
2735 2481 2881 2566 posi-

485 2567 581 2644 tis,
613 2589 726 2651 pro
750 2567 1046 2629 concione
1088 2566 1374 2629 militibus
1399 2566 1674 2649 exponit,
1705 2588 1854 2648 quas
1886 2589 1977 2629 res
2010 2566 2277 2629 Caesaris
2310 2567 2487 2649 jussu
2520 2588 2746 2649 gerere
2791 2569 2878 2630 de·

480 2655 670 2729 beret,
696 2651 1134 2735 polliceturque
1165 2651 1256 2727 iis,
1289 2672 1475 2732 quum
1508 2652 1570 2712 in
1601 2649 2035 2714 Mauritaniam
2067 2651 2486 2733 transjecisset,
2547 2650 2704 2714 H-S
2757 2675 2874 2715 ceu·

484 2751 658 2799 tenos
679 2757 742 2797 se
766 2737 1048 2798 daturum
1077 2757 1093 2795 ε
1137 2757 1196 2796 ν.
1225 2735 1352 2796 sore
1382 2736 1444 2797 in
1475 2734 1780 2819 Hispania
1809 2737 2132 2819 legionem.
2186 2736 2292 2799 Ex
2322 2737 2623 2799 concione
2651 2760 2720 2800 se
2739 2739 2871 2803 Cor·

485 2823 712 2885 dubam
746 2820 991 2905 recepit.
1079 2818 1300 2903 quue
1332 2820 1463 2904 ipso
1494 2821 1612 2898 die,
1641 2823 1974 2884 meridiana
2019 2823 2187 2900 bora,
2238 2844 2420 2905 quum
2454 2824 2514 2883 in
2550 2821 2871 2888 Basilicam

406 2910 616 2986 θοὴ-ει,
648 2908 895 2992 quidam
927 2905 1224 2969 Minutius
1256 2905 1389 2969 Silo
1419 2905 1607 2970 cliens
1652 2905 1728 2969 L.
1759 2907 1989 2970 Racilii
2018 2908 2308 2985 libellum,
2341 2907 2511 2990 quasi
2545 2908 2783 2992 aliquid
2808 2913 2869 2973 ab

487 3017 563 3058 eo
604 2994 956 3080 postularet,
984 3009 1050 3057 ut
1073 2992 1242 3055 miles
1267 2993 1321 3055 ei
1353 2993 1609 3056 transdit
1636 3015 1651 3053 z
1698 2994 1916 3057 deinde
1939 3008 2078 3079 post
2107 2992 2415 3057 Racilium
2452 2992 2627 3078 (nam
2657 2996 2710 3057 is
2741 2997 2868 3058 latus

468 3161 512 3208 1.
542 3158 669 3219 Quin
700 3157 1067 3207 muvadimom’o
1083 3162 1332 3213 teneretur,
1349 3162 1431 3204 aut
1450 3157 1613 3204 iurem
1676 3161 1772 3205 dun
1819 3160 2007 3205 Africae.
2073 3159 2182 3204 Duo
2218 3158 2282 3204 ibi
2321 3172 2483 3218 reges,
2525 3174 2731 3218 quoium
2765 3163 2866 3209 aher

404 3223 692 3287 reservatum]
728 3222 931 3269 Budaeus
953 3221 1190 3279 prioribus
1205 3222 1302 3268 suis
1326 3222 1374 3266 in
1397 3221 1612 3267 Pandec·
1671 3222 1804 3268 Juba
1837 3221 2141 3281 Pompeianis
2185 3236 2238 3267 se
2273 3221 2516 3283 adjunxit,
2554 3223 2682 3269 alter
2716 3224 2864 3284 Bogud

406 3294 481 3333 tas
504 3285 912 3340 annotationibus,
931 3284 996 3329 ait
1015 3285 1322 3341 sponsionem
1340 3283 1537 3328 sistendi
1560 3297 1612 3329 se
1676 3284 1881 3331 Caesaris
1900 3284 2159 3330 amicitiam
2181 3293 2253 3330 est
2275 3293 2483 3331 secutus.
2549 3286 2600 3331 Is
2629 3295 2730 3343 post
2748 3303 2858 3333 mor·

405 3350 457 3396 in
490 3346 677 3407 judicio
715 3362 820 3392 esse
842 3346 1183 3392 vadimonium.
1247 3345 1423 3392 'reneri
1452 3353 1612 3391 autem

404 3408 698 3463 vadimonio,
714 3410 829 3467 quid
844 3411 921 3462 sit,
939 3418 1108 3466 postea
1124 3407 1353 3454 declarat.
1387 3407 1612 3453 Vadimo-

408 3472 490 3517 nio
512 3471 727 3516 obstricti
746 3471 886 3516 bodie
903 3470 997 3516 dici
1020 3479 1221 3528 possunt
1237 3470 1317 3527 qui
1332 3471 1395 3515 ob
1413 3470 1620 3516 crimina

410 3533 459 3579 in
472 3529 706 3592 judicium
746 3531 776 3579 ὲ
798 3532 1043 3593 judicibus
1078 3533 1255 3589 vocati,
1293 3540 1343 3578 ut
1367 3532 1444 3586 sit,
1468 3532 1618 3590 impe-

408 3602 677 3648 traverunt,
709 3604 759 3641 ut
792 3605 873 3641 aut
906 3593 991 3640 suh
1014 3603 1094 3640 aut
1118 3609 1407 3653 sponsorum
1428 3594 1523 3640 fide
1546 3595 1617 3640 di-

413 3658 678 3713 mittantur,
715 3656 773 3704 ca
806 3658 916 3718 lege
950 3665 1001 3702 ut
1040 3658 1087 3703 in
1123 3659 1251 3704 diem
1289 3665 1491 3714 certum,
1536 3669 1619 3704 aut

414 3722 811 3780 quandocumque
841 3719 995 3781 judici
1025 3721 1177 3766 visum
1200 3721 1360 3776 suerit,
1393 3721 1457 3767 ad
1484 3719 1617 3781 judi-

417 3785 541 3831 cium
559 3784 803 3840 sistantur,
825 3798 943 3842 quos
966 3782 1184 3843 elargitus
1198 3791 1383 3830 vocant.

484 3848 555 3893 11.
592 3847 894 3908 Complentur
914 3845 1117 3907 equitum
1142 3860 1214 3892 ιιι.
1236 3847 1388 3893 minin
1406 3864 1421 3892 .·
1466 3844 1620 3893 maxi·

415 3909 590 3970 mirque
606 3914 858 3956 mactantur
871 3907 1126 3970 impensis]
1148 3908 1465 3966 Manuscripti
1478 3907 1619 3969 Regii

416 3973 606 4018 codices
643 3980 759 4026 tres,
794 3970 982 4018 Thuani
1020 3971 1130 4024 duo,
1173 3971 1442 4018 Victorinus
1481 3986 1621 4027 unus,

417 4042 715 4094 pervetustus
752 4034 865 4081 item
903 4032 984 4093 qui
1020 4034 1070 4079 in
1113 4032 1399 4079 bibliotheca
1449 4033 1615 4080 Sancti

419 4097 622 4144 Victoris
657 4103 729 4142 est
774 4097 1050 4154 impressus,
1102 4110 1222 4141 unus
1268 4096 1450 4154 Romae,
1487 4097 1618 4154 apud

418 4159 615 4206 Petrum
636 4160 696 4206 de
727 4158 953 4205 Maximis
989 4173 1103 4204 ann.
1147 4159 1279 4206 1472.
1317 4160 1513 4214 habent.
1545 4174 1616 4207 ω·-

418 4227 609 4278 msnlur,
630 4223 760 4280 quod
793 4222 958 4267 melius
988 4229 1076 4267 est.
1141 4221 1268 4267 Nam
1305 4221 1531 4279 impensis
1554 4221 1616 4268 ci-

418 4285 545 4331 vium
583 4285 885 4343 complentur
925 4291 974 4330 et
1015 4293 1249 4331 ornantur
1284 4283 1485 4342 equites,
1522 4298 1619 4331 non

420 4356 695 4395 onerantur.

490 4411 559 4454 1⁴.
590 4408 781 4456 Interim
812 4407 987 4456 litteras
1022 4421 1123 4456 acce
1160 4410 1192 4456 it
1215 4407 1249 4455 ὰ
1274 4408 1492 4469 Cernat-m]
1543 4408 1618 4455 De

423 4469 515 4524 quai
552 4485 603 4515 re
639 4469 706 4518 sic
742 4470 905 4518 Livius
942 4473 1070 4530 apud
1108 4423 1519 4524 ssriscianumstib.
1546 4487 1619 4518 xv.

1676 3355 1773 3393 tem
1797 3347 2000 3393 Caesaris
2024 3349 2085 3392 ad
2113 3347 2370 3393 Antonium
2393 3362 2446 3393 se
2469 3348 2701 3406 applimit,
2722 3360 2852 3406 atque

1677 3409 1723 3455 iu
1751 3425 1810 3456 eo
1837 3409 1982 3464 bello,
2012 3412 2140 3469 quod
2163 3409 2251 3468 ipsi
2274 3423 2382 3456 cum
2407 3410 2662 3457 Octaviano
2674 3408 2848 3457 em

1680 3473 1785 3527 suit,
1821 3472 1928 3517 cum
1966 3472 2013 3519 in
2052 3487 2222 3518 manus
2256 3471 2486 3531 Agrippa
2525 3473 2762 3520 emissi
2778 3487 2850 3520 ve·

1680 3536 1844 3590 nisset,
1865 3533 1971 3594 ejus
1985 3535 2124 3595 jussu
2147 3535 2234 3580 suit
2256 3535 2441 3581 occisus

1743 3597 1811 3643 lb.
1832 3595 2291 3659 AdfinesNums'ds‘ae
2304 3597 2612 3660 perueniret-J
2635 3598 2857 3646 DeNmui-

1679 3659 1760 3705 dia
1781 3674 1928 3718 supra
1948 3669 2017 3705 est
2042 3661 2237 3706 dictum.

1750 3723 1819 3768 16.
1857 3722 1944 3768 Cn.
1969 3721 2228 3786 Pompeia]
2293 3721 2436 3768 Filio.

1751 3786 1821 3831 18.
1861 3784 1994 3844 Quod
2014 3786 2101 3832 sibi
2117 3799 2342 3831 novarum
2360 3783 2710 3846 provinciarum
2729 3787 2857 3851 etse*

1682 3846 1886 3895 tiliuimi
1907 3848 2045 3909 regni
2064 3853 2195 3895 lama
2209 3847 2364 3895 oblata
2375 3851 2482 3894 eust
2491 3847 2738 3911 facultas]
2756 3850 2858 3897 Disi-

1684 3910 1860 3971 piendi.

1745 3975 1822 4020 25.
1860 3971 2159 4033 Cordubam]
2185 3971 2260 4018 De
2278 3971 2506 4018 Corduba
2524 3973 2701 4020 dictum
2721 3990 2858 4034 supra.

1727 4037 1816 4145 37.
1853 4035 1961 4083 H-S
1979 4036 2223 4096 cautem]
2246 4033 2519 4085 Sestertios.
2535 4041 2634 4098 sept
2649 4035 2858 4085 liam&

1678 4112 1724 4145 so
1770 4132 1781 4143 .

1740 4162 1819 4206 29.
1853 4159 2139 4222 Basilicam]
2185 4159 2398 4207 Basilica
2423 4160 2560 4208 locus
2592 4161 2788 4220 amplus,
2817 4163 2859 4208 in

1680 4238 1774 4281 quo
1789 4225 2135 4269 exercebantur
2157 4223 2343 4282 judicia
2372 4224 2800 4282 public-„arbitria
2817 4235 2861 4271 et

1682 4284 1871 4343 publiea
1891 4285 2109 4332 convivia
2141 4287 2332 4332 fiebant.
2399 4286 2580 4332 Forum
2612 4289 2731 4332 euim
2764 4291 2858 4333 sub·

1679 4345 1816 4393 dialis
1838 4357 1940 4393 erat
1960 4349 2109 4406 locus,
2125 4348 2223 4394 sive
2243 4359 2296 4394 ut
2327 4348 2495 4394 Graece
2515 4348 2686 4395 dicitur
2705 4350 2860 4411 ngae·

1680 4407 1820 4456 thrus.
1899 4410 2162 4458 Christiani
2205 4425 2292 4469 pro
2327 4409 2532 4457 delubris
2575 4423 2856 4470 acceperam,

1682 4472 1796 4528 quia
1815 4473 2016 4522 basilica
2057 4487 2204 4530 supra
2241 4473 2512 4530 Martyrum
2550 4473 2755 4532 sepulcra
2783 4490 2856 4521 ex·

431 4531 532 4586 Quo
568 4535 767 4590 tempore
791 4533 1027 4593 firmandi
1062 4534 1198 4592 regni
1229 4533 1439 4592 Bogudis
1468 4547 1627 4582 caussa
1690 4543 1941 4580 traxerant
1957 4537 2017 4582 ad
2034 4536 2277 4581 hominum
2292 4545 2558 4582 conventus
2576 4536 2861 4592 excipientes.

423 4588 673 4635 exereitum
696 4594 745 4636 in
768 4594 983 4655 Africam
1007 4596 1220 4658 trajicere
1244 4602 1432 4643 conatus
1455 4601 1531 4642 est.

491 4649 561 4692 15.
586 4651 937 4700 Mauritaniam.
948 4667 961 4714 j
984 4658 1276 4704 Mauritania
1294 4658 1486 4714 duplex,
1513 4657 1624 4704 Tin·

420 4707 606 4769 gitauia
629 4714 669 4754 et
698 4711 1006 4773 Cesar-tensis,
1039 4729 1240 4776 utraque
1263 4722 1311 4765 in
1333 4727 1474 4777 parte
1497 4719 1624 4776 occi,-

174 4967 415 5015 Α

1751 4597 1826 4642 31.
1864 4596 2041 4644 Deinde
2086 4601 2188 4660 post
2229 4596 2460 4644 Racilium
2506 4599 2640 4656 (nam
2689 4598 2722 4642 ὑ
2749 4598 2862 4646 hctus

1693 4659 1840 4705 Cassii
1875 4660 2118 4720 legebam]
2169 4659 2525 4716 manuscriptus
2563 4658 2726 4719 Regius
2745 4673 2859 4708 mus

1688 4722 1843 4768 codex
1859 4721 2006 4768 habet
2017 4736 2110 4786 per
2124 4721 2373 4769 Racilium.
2416 4721 2483 4768 Et
2498 4721 2664 4769 melius
2680 4723 2860 4780 quidem
