3059 5050
377 204 497 265 118
848 272 852 277 .
1141 195 1270 260 DE
1314 194 1619 259 BELLO
1664 193 2056 261 GALLICO

456 358 660 428 toeque
687 357 747 407 et
786 340 1010 405 Titurii
1049 342 1474 420 calamitatem,
1519 343 1622 426 qui
1667 344 1731 406 in
1766 343 1983 406 eodem
2023 342 2354 407 occiderint
2379 343 2646 424 castello,
2688 348 2832 410 ante

461 430 672 493 oculos
713 441 964 513 ponunt.
1051 427 1198 491 Tali
1240 429 1453 490 timore
1495 428 1775 490 omnibus
1812 428 2155 511 perterritis,
2200 429 2591 492 confirmatur
2619 430 2835 514 opinio

460 514 757 590 barbariS,
787 527 854 575 ut
899 535 975 575 ex
1013 515 1257 598 captivo
1287 513 1622 590 audierant,
1654 510 1883 575 nullum
1910 533 2038 575 esse
2064 512 2225 574 intus
2270 514 2649 596 praesidium:
2692 536 2835 599 per-

463 619 739 683 rumpere
767 599 1056 676 nituntur,
1101 619 1280 681 seque
1323 597 1437 681 ipsi
1467 598 1883 675 adhortantur,
1913 619 1988 660 ne
2012 610 2239 660 tantam
2267 598 2569 662 sommam
2594 621 2671 663 ex
2701 621 2836 663 ma-

383 689 421 749 5
466 684 642 747 nibus
666 684 985 751 dimittant.

551 765 893 831 XXXVII.
940 766 1098 830 Erat
1120 788 1176 829 ae
1255 788 1286 830 r
1312 767 1378 830 in
1419 766 1711 851 praesidio
1745 767 1984 831 relictus
2024 766 2101 829 P.
2135 766 2378 830 Sextius
2404 766 2697 846 Baculus,
2726 767 2836 852 qui

467 853 728 937 primum
753 852 942 937 pilum
973 853 1138 937 apud
1227 873 1478 915 aesarem
1508 852 1783 930 duxerat,
1813 854 1983 935 cujus
2019 853 2383 915 mentionem
2424 854 2835 938 superioribus

468 938 698 1023 proeliis
727 937 1004 1000 fecimus:
1048 959 1120 1000 ac
1150 937 1307 1000 diem
1340 939 1474 1020 jam
1503 959 1567 1000 v.
1597 936 1736 999 cibo
1764 951 2054 1000 caruerat.
2142 936 2287 1014 Hic,
2335 938 2559 1000 diffisus
2602 961 2729 1001 suae
2761 960 2837 1001 ac

469 1022 738 1087 omnium
770 1022 968 1100 saluti,
999 1022 1242 1085 inermis
1269 1044 1350 1085 ex
1388 1022 1778 1085 tabernaculo
1799 1022 2042 1106 prodit:
2085 1023 2249 1085 videt
2277 1023 2586 1087 imminere
2616 1026 2839 1101 hostes,

389 1111 648 1191 matque
677 1107 741 1171 in
770 1129 1006 1170 summo
1029 1129 1156 1170 esse
1185 1128 1310 1169 rem
1341 1107 1714 1170 discriminet
1759 1108 1926 1192 capit
1949 1128 2120 1170 arma
2148 1108 2187 1170 a
2226 1108 2539 1192 proximis-⁵,
2571 1122 2751 1191 atque
2775 1110 2845 1171 in

469 1195 649 1277 porta
670 1193 960 1255 consistit.
1049 1190 1396 1275 Sequuntur
1423 1194 1586 1254 hunc
1609 1193 1985 1263 centuriones
2004 1194 2131 1274 ejus
2167 1193 2434 1256 cohortis
2463 1215 2602 1275 quae
2625 1194 2689 1255 in
2719 1208 2847 1256 sta-
2886 1198 2893 1204 ’

467 1278 632 1341 tione
661 1292 807 1341 erat.
895 1276 1237 1362 Paullisper
1279 1277 1561 1361 proelium
1589 1278 1713 1340 una
1741 1278 2065 1340 sustinent:
2109 1277 2393 1360 relinquit
2419 1279 2654 1340 animus
2685 1278 2847 1340 Sex-

472 1363 640 1440 tium,
667 1362 958 1446 gravibus
979 1362 1244 1461 acceptis
1270 1362 1648 1425 vulneribus:
1679 1363 1870 1444 aegre‚
1900 1383 2009 1446 per
2036 1382 2248 1425 manus
2278 1375 2522 1440 tractus,
2553 1380 2847 1426 servatur.

473 1446 616 1511 Hoc
636 1449 830 1533 spatio
855 1447 1228 1533 interposite,
1253 1447 1465 1529 reliqui
1496 1468 1623 1509 sese
1646 1448 2027 1525 confirmant,
2058 1449 2290 1509 tantum
2314 1448 2467 1510 utin
2497 1449 2851 1511 munitioni-

395 1534 585 1597 15bus
604 1532 925 1595 consistere
955 1532 1235 1610 audeant,
1266 1533 1644 1616 speciemque
1663 1531 2041 1595 defensorum
2070 1533 2401 1616 praebeant.

559 1611 935 1681 XXXVIII.
980 1615 1252 1695 Interim,
1270 1616 1546 1680 confecta
1568 1616 2047 1694 frumentatione,
2072 1618 2287 1680 milites
2307 1618 2494 1681 nostri
2519 1618 2854 1681 clamorem

476 1702 836 1781 exaudiunt3
921 1716 1262 1767 raecurrunt
1285 1704 1543 1785 equites3
1574 1717 1802 1785 quanto
1830 1724 1923 1765 res
1952 1703 2028 1766 sit
2054 1703 2118 1766 in
2142 1703 2431 1786 periculo,
2451 1718 2851 1786 cognoscunt.

476 1786 602 1851 Hic
631 1787 776 1850 vero
801 1786 969 1851 nula
1000 1786 1251 1850 munitio
1274 1801 1382 1865 est,
1408 1807 1549 1869 quoe
1577 1788 1924 1871 perterritos
1946 1788 2215 1871 recipiat.
2277 1786 2472 1851 Modo
2502 1789 2852 1873 conscripti,

331 1874 370 1893 “⁰
478 1887 659 1956 atque
711 1874 852 1937 usfis
904 1872 1179 1935 militaris
1217 1873 1498 1957 imperiti,
1549 1873 1627 1935 ad
1673 1873 1979 1935 tribunum
2031 1872 2157 1935 mil.
2203 1874 2696 1956 centurionesque
2742 1896 2858 1936 ora

394 1962 866 2038 20convertunt3
909 1958 1056 2041 quid
1088 1960 1167 2021 ab
1197 1958 1290 2020 his
1327 1957 1739 2043 praecipiatur,
1782 1972 2152 2042 exspectant.
2240 1957 2440 2022 Nemo
2464 1973 2553 2021 est
2576 1974 2698 2021 tam
2729 1959 2857 2021 for-

482 2044 578 2122 tis,
622 2044 768 2127 quin
811 2044 898 2109 rei
941 2043 1208 2106 novitate
1236 2045 1634 2127 perturbetur.
1722 2042 2008 2121 Barbari,
2048 2044 2226 2126 signa
2253 2043 2466 2127 procul
2496 2044 2857 2128 conspicati,

482 2131 562 2192 ab
588 2151 668 2212 op
755 2130 1046 2212 gnatione
1074 2128 1402 2206 desistunt3
1446 2127 1672 2190 redisse
1699 2127 1898 2211 primo
1928 2128 2198 2210 legiones
2226 2130 2497 2207 credunt,
2542 2150 2693 2211 quas
2723 2130 2859 2191 lon-

486 2214 623 2296 gius
649 2150 987 2275 ‹iis'cessisse
1027 2233 1107 2274 ex
1134 2212 1392 2311 captivis
1420 2226 1868 2294 cognoverant:
1926 2213 2170 2291 Postea,
2207 2214 2491 2300 despecta
2530 2215 2860 2299 paucitate,

482 2320 560 2360 ex
590 2298 872 2360 omnibus
900 2296 1175 2381 partibus
1203 2309 1494 2382 impetum
1525 2296 1772 2360 faciunt.

399 2386 480 2447 25
567 2379 882 2446 XXXIX.
928 2380 1198 2446 Calones
1228 2382 1290 2446 in
1313 2382 1664 2469 proximum
1710 2383 2003 2446 tumulum
2041 2398 2432 2468 procurrunt:
2476 2384 2619 2447 binc
2648 2383 2862 2447 celeri-

485 2481 575 2534 ter
605 2469 843 2551 dejecti,
889 2489 953 2531 se
1005 2468 1070 2532 in
1117 2468 1297 2552 signa
1348 2468 1809 2553 manipulosque
1850 2469 2217 2552 conjiciunt:
2261 2469 2335 2533 eo
2382 2467 2578 2554 magis
2613 2469 2864 2533 timidos

483 2567 822 2639 perterrent
841 2555 1078 2617 milites.
1164 2555 1313 2631 Alii,
1338 2575 1535 2617 cuneo
1563 2553 1727 2618 facto
1756 2568 1823 2618 ut
1843 2554 2115 2619 celeriter
2138 2570 2549 2641 perrumpant,
2574 2569 2865 2635 censent3

491 2639 781 2722 quoniam
813 2653 938 2702 tam
966 2640 1314 2724 propinqua
1336 2640 1453 2702 sint
1481 2654 1702 2718 castra,
1733 2642 1841 2703 etsi
1864 2662 2005 2725 pars
2035 2641 2241 2725 aliqua
2264 2642 2675 2705 circumventa
2703 2641 2865 2703 ceci-

488 2725 661 2802 derit,
711 2739 776 2788 at
797 2724 1060 2808 reliquos
1088 2725 1315 2788 servari
1345 2745 1543 2808 posse,
1570 2726 1902 2789 confidunt.
1974 2725 2122 2805 Alii,
2152 2741 2220 2790 ut
2240 2727 2305 2791 in
2321 2728 2482 2810 jug-o
2505 2726 2862 2805 consistant,

405 2815 674 2892 '30atque
702 2810 958 2872 eundem
989 2831 1198 2872 omnes
1228 2809 1424 2872 serant
1451 2830 1680 2872 casum.
1755 2809 1897 2873 Hoc
1926 2824 2155 2874 veteres
2183 2833 2306 2875 non
2335 2815 2600 2897 probant
2622 2811 2865 2890 milites,

533 2917 643 2958 uos
673 2896 784 2959 sub
813 2895 1042 2959 vexillo
1069 2917 1193 2958 uno
1236 2895 1539 2980 profectos
1584 2895 1921 2959 docuimus.
2003 2894 2219 2981 Itaque
2266 2898 2421 2961 inter
2449 2919 2511 2960 se
2539 2897 2866 2974 cohortati,

490 2917 648 3044 duce
679 2980 757 3045 C.
788 2979 1108 3044 Trebonio
1134 2983 1334 3064 equite
1370 2979 1557 3044 Rom.
1608 2982 1713 3065 qui
1758 2982 1844 3045 eis
1886 2994 2018 3046 erat
2052 2984 2434 3068 praepositus,
2478 3004 2587 3067 per
2630 2982 2867 3045 medios

492 3066 692 3130 hostes
721 3080 1138 3167 perrumpunt,
1155 3066 1609 3149 incolumesque
1633 3067 1711 3129 ad
1735 3088 1922 3130 unum
1947 3068 2010 3134 in
2035 3082 2233 3131 castra
2256 3069 2614 3153 perveniunt
2634 3087 2865 3130 omnes.

495 3149 630 3216 Hos
678 3155 981 3216 subsecuti
1009 3151 1254 3215 calones
1283 3152 1631 3235 equitesque
1657 3153 1871 3215 eodem
1901 3154 1984 3214 im
2066 3166 2151 3231 tu,
2194 3154 2448 3217 militum
2478 3155 2697 3216 virtute
2739 3173 2869 3214 ser-

411 3242 736 3301 35vantur.
823 3238 909 3302 At
935 3238 999 3315 ii,
1031 3238 1134 3321 qui
1165 3238 1228 3299 in
1244 3238 1406 3319 jugo
1429 3238 1839 3314 comtiterant,
1870 3259 1951 3299 nu
2000 3260 2038 3300 o
2060 3240 2241 3302 etiam
2273 3261 2433 3302 nunc
2463 3260 2574 3302 usu
2598 3238 2683 3301 rei
2707 3237 2871 3299 mili-

494 3323 641 3384 taris
674 3321 1047 3408 [percept0,]
1080 3344 1157 3384 ne
1201 3343 1277 3383 ue
1300 3322 1364 3383 in
1392 3342 1468 3384 eo
1495 3322 1662 3404 quod
1694 3324 2103 3405 probaverant
2123 3324 2380 3387 consilio
2408 3343 2781 3409 permanere,
2802 3336 2873 3385 ut

497 3426 560 3467 se
590 3405 727 3468 loco
753 3407 1062 3491 superiore
1093 3345 1503 3483 deffenderent,
1537 3427 1733 3489 neque
1754 3427 1911 3485 eam,
1937 3427 2120 3491 quam
2144 3408 2438 3509 promisse
2467 3409 2599 3473 aliis
2620 3409 2746 3471 vim
2772 3429 2875 3470 ce-

493 3489 912 3573 leritatemque
940 3491 1240 3568 viderant,
1270 3490 1493 3554 imitari
1518 3504 1870 3575 potuerunt:
1924 3494 2030 3556 sed
2059 3515 2120 3556 se
2148 3516 2212 3557 ιιι
2241 3509 2443 3558 castra
2471 3494 2737 3579 recipere
2765 3513 2874 3554 co-

496 3575 644 3653 nati,
677 3575 949 3657 iniquum
979 3576 1044 3638 in
1087 3575 1290 3640 locum
1340 3576 1726 3640 demiserunt.
1815 3576 2236 3657 Centuriones,
2290 3601 2547 3662 quorum
2594 3577 2874 3642 nonnulli

411 3663 576 3725 40ex
606 3659 987 3724 inferioribus
1035 3660 1349 3724 ordinibus
1378 3661 1749 3745 reliquarum
1793 3663 2125 3747 legionum,
2149 3666 2365 3729 caussa
2394 3665 2648 3742 virtutis,
2678 3665 2743 3726 in
2773 3684 2877 3725 su-

495 3746 763 3832 periores
784 3759 959 3810 erant
986 3746 1229 3810 ordines
1275 3746 1453 3829 hujus
1499 3747 1758 3830 legionis
1803 3751 2154 3830 transducti,
2199 3772 2278 3813 ne
2321 3764 2461 3814 ante
2502 3762 2741 3836 partam
2786 3748 2874 3810 rei

473 3941 520 3986 6.
560 3937 651 3997 Qu·
665 3935 870 4000 primum
883 3935 1072 3999 pam]
1105 3921 1197 3990 Qui
1211 3935 1392 3996 primus
1406 3935 1621 3983 Triario·
1677 3937 1920 3985 habebant
1939 3937 2266 3986 Genua-iones.
2299 3937 2465 3996 Itaque
2483 3933 2754 3994 mesnipnlns
2774 3948 2877 3982 ma-

412 4015 517 4049 rum
541 3999 787 4056 Centurio,
824 4000 922 4045 sive
943 3998 1239 4046 Triariorum
1276 3999 1527 4057 Manipulo
1565 3998 1615 4046 in
1667 3999 1752 4059 jor
1771 4009 1876 4047 erat
1896 4000 2123 4056 centuria,
2144 4009 2196 4047 ut
2215 4007 2402 4047 constat
2423 4014 2484 4046 ex
2502 3999 2558 4044 A.
2582 3997 2752 4060 Gellio.

412 4059 569 4121 prima
589 4062 785 4109 cohorte
807 4070 1026 4119 praeerat,
1049 4060 1254 4119 reliquos
1291 4075 1458 4107 omnes
1489 4061 1615 4108 Cen·
1737 4063 1816 4110 27.
1840 4062 1997 4110 Cuneo
2019 4062 2187 4125 factm]
2253 4062 2445 4109 Cimone
2475 4061 2727 4108 dicebatur
2748 4060 2878 4106 acies

413 4126 624 4172 turiones
637 4124 868 4186 dignitate
881 4125 1200 4182 praeoedebat,
1213 4122 1493 4184 consiliique
1508 4137 1619 4182 par·
1679 4124 1885 4184 figuram
1918 4126 2098 4172 habens
2131 4125 2288 4182 minei,
2319 4137 2465 4183 quam
2496 4124 2665 4184 Veget.
2696 4122 2778 4169 lib.
2802 4136 2879 4170 ιιι.

412 4188 564 4247 ticeps
586 4189 748 4243 fiebat,
769 4194 819 4233 et
840 4186 1122 4245 Primopilus
1145 4185 1408 4232 dicebatur.
1679 4199 1785 4244 cap.
1812 4187 1882 4233 19.
1905 4186 2019 4234 dicit
2050 4186 2220 4233 milites
2251 4185 2515 4245 appensae
2546 4193 2694 4244 caput
2724 4185 2880 4242 porci·

480 4251 551 4296 ll.
587 4251 850 4312 Sequuntur
869 4248 992 4296 hum:
1012 4249 1299 4296 canturium
1313 4246 1413 4312 ojus
1424 4248 1619 4298 cohor-eie
1679 4262 1807 4298 nnn.
1870 4249 2261 4296 Adversas-tom
2294 4249 2483 4298 ordhes
2513 4249 2879 4307 perrumpebat3

414 4325 514 4373 quoe
537 4311 588 4358 in
611 4311 801 4360 ειαιίοηε
826 4310 960 4373 σοι]
998 4312 1110 4359 Non
1131 4309 1276 4366 enim,
1313 4318 1366 4357 ut
1401 4325 1527 4358 nunc
1549 4313 1617 4357 vi·
1679 4324 1792 4358 nam
1813 4311 1863 4360 in
1882 4324 2029 4359 unum
2056 4310 2214 4358 locam
2233 4310 2265 4359 a
2283 4311 2496 4371 pluribus
2527 4310 2625 4357 tela
2656 4309 2881 4372 conjicie-

414 4373 498 4433 gili
516 4375 614 4430 uni,
632 4384 711 4420 aut
727 4375 865 4421 alteri
881 4383 1022 4421 extra
1041 4383 1203 4421 castra
1214 4373 1472 4420 constituto
1487 4373 1617 4423 nlu-
1679 4374 1867 4420 bantur.

411 4435 740 4482 universorum
757 4439 1065 4484 credebatur:
1100 4437 1186 4484 sed
1199 4442 1306 4482 tota
1317 4435 1488 4482 cohors
1504 4444 1617 4483 ante
1739 4436 1817 4482 40.
1840 4436 1919 4482 Ex
1931 4432 2231 4499 &asertoribus
2248 4434 2521 4496 ordirtibtn]
2560 4433 2713 4482 Lente
2727 4449 2790 4481 ex
2812 4434 2881 4482 in·

414 4505 577 4555 portas
600 4499 777 4554 stabat,
798 4514 901 4559 quoe
923 4499 953 4547 a
972 4500 1143 4548 stando
1155 4497 1365 4560 jamjam
1381 4507 1619 4560 pugnatu-
1680 4497 1928 4545 sedon-ibin
1943 4498 2187 4545 ordinibus
2202 4499 2674 4557 promoven-nunu
2685 4499 2809 4556 prim

415 4572 479 4605 ra!
503 4558 686 4613 similis,
703 4559 753 4605 in
769 4560 978 4607 statione
999 4577 1103 4609 esse
1123 4561 1387 4608 dicebatur.
1680 4560 1771 4607 nisi
1787 4560 1956 4607 virtute
1970 4560 2238 4621 excellenti,
2254 4568 2337 4610 aut
2352 4559 2466 4609 forti
2479 4560 2610 4610 facto
2625 4561 2837 4619 dei-spen

474 4619 553 4667 26.
574 4619 971 4684 ManipulosqueJ
1005 4622 1194 4686 sing-uli
1213 4621 1450 4682 unipes
1478 4622 1620 4671 binos
1678 4622 1881 4672 stine-t
1894 4621 2145 4672 nobmut'.
