3059 5050
408 273 530 334 376
1435 263 1515 327 A.
1563 259 1853 327 HIRTII

490 415 633 479 culo
662 434 902 477 murum
934 412 1321 489 adscendere,
1352 425 1413 475 et
1442 412 1738 497 oppidum
1769 410 1950 497 potiri
1981 429 2160 495 posse
2188 432 2253 475 se
2281 426 2612 497 sperarent,
2641 428 2940 498 postero

491 503 590 564 die
618 501 701 563 ad
733 521 969 562 murum
1002 520 1154 582 opus
1184 498 1382 561 facere
1410 512 1748 581 coeperunt,
1775 512 1835 559 et
1864 499 2019 559 bene
2047 519 2279 581 magna
2308 499 2526 582 prioris
2557 503 2724 562 muri
2758 523 2934 585 pars

491 588 726 669 dejecta
771 599 877 648 est.
966 583 1111 666 Quo
1132 584 1321 645 ·sacto
1370 584 1448 646 ab
1478 583 1824 666 oppidanis,
1864 604 1937 644 ac
1985 585 2035 644 si
2082 604 2327 645 suarum
2358 585 2619 667 partium
2673 600 2932 665 essent,

491 672 854 747 conservati,
885 671 1096 732 missos
1127 668 1326 731 facere
1374 668 1681 745 loricatos,
1721 669 1943 750 quique
1990 668 2259 752 praesidii
2306 671 2524 731 caussa
2570 674 2928 755 praepositi

407 758 446 817 5
493 757 724 841 oppido
756 757 792 817 a
820 754 1122 839 Pompeio
1151 768 1366 831 essent,
1398 754 1677 816 orabant.
1764 752 2004 835 Quibus
2035 754 2348 837 respondit
2375 753 2615 832 Caesar,
2643 777 2718 818 se
2747 778 2924 820 con-

492 844 749 904 ditiones
772 841 937 917 dare,
962 860 1087 902 non
1113 840 1390 924 accipere
1414 839 1815 901 consuevisse.
1891 837 2016 921 Qui
2044 859 2228 922 quum
2253 837 2316 901 in
2342 840 2635 924 oppidum
2668 845 2922 905 reversi

490 941 704 1003 essent,
735 926 927 988 relato
957 946 1268 1009 responSO,
1300 924 1569 987 clamore
1600 924 1859 1000 sublato,
1904 924 2072 985 omni
2103 945 2326 1006 genere
2354 925 2612 987 telorum
2642 927 2920 1006 emisso,

489 1033 767 1097 pugnare
794 1032 909 1096 pro
940 1032 1115 1072 muro
1140 1025 1268 1073 toto
1292 1022 1627 1094 coeperunt.
1702 1007 1966 1092 Propter
1994 1002 2158 1092 quod
2190 1009 2314 1071 fere
2345 1030 2572 1093 magna
2604 1033 2760 1095 pars
2797 1013 2920 1074 ho-

490 1099 739 1174 minum,
788 1096 892 1180 qui
940 1096 1002 1158 in
1031 1097 1243 1159 castris
1276 1095 1494 1158 nostris
1522 1108 1738 1171 essent,
1770 1116 1893 1156 non
1924 1095 2298 1171 dubitarunt,
2326 1096 2473 1178 quin
2501 1097 2916 1180 eruptionem

410 1187 562 1245 10eo
590 1183 690 1245 die
713 1198 911 1245 essent
938 1182 1174 1244 facturi.
1221 1181 1338 1257 Ita,
1369 1181 1602 1243 corona
1630 1179 2026 1257 circumdata,
2051 1194 2390 1263 pugnatum
2415 1195 2506 1244 est
2530 1182 2916 1265 aliquandiu

486 1268 1029 1344 vehementissime,
1061 1267 1357 1350 simulque
1402 1265 1649 1328 ballista
1678 1266 1860 1327 missa
1888 1265 1925 1326 a
1955 1266 2174 1328 nostris
2203 1279 2426 1328 turrem
2458 1266 2686 1350 dejecit
2709 1290 2728 1329 ε
2779 1270 2916 1351 quai.

488 1354 993 1430 adversariorum,
1024 1353 1128 1435 qui
1159 1354 1219 1415 in
1245 1352 1319 1414 ea
1344 1367 1506 1414 turre
1535 1351 1791 1427 fuerant,
1817 1372 1877 1412 v.
1903 1350 2120 1433 dejecti
2150 1364 2305 1428 sunt,
2331 1366 2391 1413 et
2420 1373 2591 1436 puer,
2617 1354 2731 1435 qui
2763 1355 2910 1416 bal-

486 1439 684 1501 listam
717 1437 928 1500 solitus
958 1451 1087 1500 erat
1117 1440 1457 1500 observare.

572 1522 749 1586 XIV.
788 1521 891 1585 Εο
916 1524 1226 1607 praeterito
1257 1538 1549 1606 tempore,
1574 1514 1911 1606 Pom'peius
1941 1534 2106 1583 trans
2135 1522 2357 1584 flumen
2390 1520 2634 1585 Salsum
2670 1525 2908 1587 castel-

406 1610 611 1673 l5lum
641 1610 989 1672 constituit:
1043 1630 1236 1690 neque
1267 1609 1304 1670 a
1334 1609 1554 1671 nostris
1599 1607 1958 1692 prohibitus,
1991 1605 2261 1690 salsaque
2292 1607 2396 1669 ills
2426 1609 2725 1693 opinione
2757 1611 2902 1693 glo-

485 1696 672 1757 riatus
695 1708 804 1772 est,
837 1695 999 1778 quod
1032 1696 1228 1779 prope
1254 1695 1315 1756 in
1348 1695 1569 1757 nostris
1600 1693 1895 1776 partibus,
1926 1693 2128 1754 locum
2163 1694 2464 1756 tenuisset.
2539 1693 2697 1757 Item
2733 1696 2901 1758 inse-

485 1781 692 1864 quenti
745 1780 843 1842 die
888 1780 1100 1843 eadem
1147 1779 1581 1842 consuetudine
1623 1779 1770 1841 dum
1825 1778 2071 1860 longius
2117 1779 2524 1862 prosequitur,
2571 1802 2702 1864 quo
2751 1781 2897 1844 loco

483 1867 713 1950 equites
744 1865 932 1928 nostri
980 1866 1298 1929 stationem
1332 1866 1691 1941 habuerant,
1724 1864 1955 1948 aliquot
1987 1879 2203 1926 turmae
2232 1885 2368 1926 cum
2403 1864 2521 1927 levi
2551 1869 2896 1945 armatura,

484 1952 712 2036 impetu
738 1951 919 2028 sacto,
952 1951 1092 2014 loco
1122 1965 1259 2013 sunt
1282 1952 1556 2033 dejectae,
1588 1964 1649 2013 et
1678 1964 1926 2034 propter
1948 1948 2315 2033 paucitatem
2342 1964 2688 2013 nostrorum
2717 1955 2896 2035 equi-

400 2040 633 2114 20tum,
689 2036 987 2120 simulque
1038 2037 1156 2099 levi
1210 2037 1520 2100 armatura
1567 2036 1721 2099 inter
1769 2051 1997 2098 turmas
2047 2035 2533 2098 adversariorum
2583 2039 2892 2122 protritae.

484 2121 626 2186 Hoc
656 2122 718 2185 iu
749 2138 1078 2206 conspectu
1110 2138 1502 2205 utrorumque
1530 2134 1868 2183 castrorum
1902 2122 2267 2202 gerebaturt
2311 2134 2371 2183 et
2415 2122 2645 2204 majore
2695 2122 2894 2185 Pom-

481 2209 684 2292 peiani
737 2208 1127 2271 exsultabant
1171 2208 1393 2290 gloria,
1437 2206 1682 2289 longius
1730 2206 1894 2288 quod
1942 2206 2160 2267 nostris
2204 2207 2556 2270 cedentibus
2594 2212 2888 2293 prosequi

481 2292 824 2377 coepisseut.
914 2293 1041 2377 Qui
1072 2315 1256 2376 quum
1290 2293 1498 2376 aliquo
1529 2292 1669 2354 loco
1694 2293 1732 2353 ἐι
1763 2292 1981 2354 nostris
2010 2292 2237 2374 recepti
2267 2306 2479 2369 essent,
2505 2306 2572 2355 ut
2595 2315 2887 2358 consues-

482 2394 631 2457 sent,
661 2400 741 2442 ex
772 2378 952 2442 simili
980 2379 1201 2442 virtute
1230 2378 1498 2459 clamore
1528 2377 1713 2454 facte,
1744 2375 2006 2440 aversati
2037 2390 2176 2438 sunt
2205 2376 2484 2461 proelium
2518 2379 2738 2442 facere.

395 2468 477 2528 25
565 2463 711 2528 XV.
760 2462 922 2528 Fere
950 2465 1113 2549 apud
1138 2466 1439 2528 exercitus
1463 2465 1598 2527 haec
1628 2477 1718 2527 est
1745 2463 2004 2548 equestri
2037 2462 2236 2547 proelii
2265 2464 2660 2544 consuetudo,
2693 2488 2881 2550 qaum

481 2571 664 2634 eques
696 2545 777 2614 ad
804 2552 1241 2629 dimicandum,
1273 2551 1524 2613 dimisso
1554 2572 1732 2632 eque,
1764 2572 1902 2612 cum
1944 2549 2143 2633 pedite
2190 2550 2601 2634 progreditur,
2651 2574 2881 2635 nequa·

479 2657 663 2718 quam
690 2657 804 2735 par
834 2638 1107 2699 habetur.
1187 2635 1262 2698 Id
1292 2635 1455 2717 quod
1488 2636 1551 2697 in
1584 2636 1701 2697 hoc
1733 2635 1958 2697 accidit
1986 2636 2333 2697 certamine.
2412 2636 2624 2720 Quum
2649 2640 2876 2721 pedites

480 2741 555 2782 ex
603 2718 721 2782 levi
769 2721 1080 2783 armatura
1111 2721 1248 2783 lecti
1273 2720 1351 2782 ad
1384 2741 1655 2803 pugnam
1687 2721 1918 2802 equites
1949 2720 2169 2781 nostris
2199 2741 2309 2782 nec
2343 2722 2738 2804 opinantibus
2780 2746 2875 2786 ve-

479 2805 707 2868 nissent
725 2828 744 2884 ;
789 2805 852 2867 id
900 2826 974 2868 ue
1005 2807 1069 2868 in
1102 2805 1322 2891 proelio
1354 2804 1844 2867 animadversum
1876 2818 2066 2866 esset:
2115 2806 2458 2889 complures
2481 2809 2716 2891 equites
2746 2811 2874 2873 des-

395 2892 831 2954 30cenderunt.
898 2905 975 2978 ¹ta
997 2892 1228 2974 exiguo
1252 2905 1523 2976 tempore
1548 2911 1730 2974 eques
1755 2890 2059 2974 pedestre3
2084 2891 2269 2974 pedes
2293 2907 2567 2974 equestre
2592 2895 2872 2978 proelium

476 2976 676 3040 facere
705 2999 803 3041 coe
846 2977 931 3041 itt
976 2999 1165 3062 usque
1194 2978 1290 3054 eo,
1322 2990 1390 3040 ut
1413 2977 1646 3040 caedem
1691 2975 1974 3060 proxime
2019 2976 2058 3038 ὁ,
2088 2975 2249 3037 vallo
2279 2977 2548 3041 fecerint.
2650 2978 2725 3042 In
2757 3003 2872 3064 quo

475 3063 699 3148 proelio
744 3086 781 3126 a
827 3064 1231 3128 versariorum
1280 3063 1631 3126 ceciderunt
1677 3083 1901 3124 cxxnr.
1951 3060 2413 3145 compluresque
2460 3065 2648 3126 armis
2691 3067 2869 3142 exuti,

476 3149 649 3214 multi
681 3149 1030 3212 vulneribus
1061 3149 1258 3212 affecti
1290 3150 1351 3210 in
1383 3163 1585 3211 castra
1614 3161 1753 3211 sunt
1781 3147 2029 3209 redacti.
2115 3145 2327 3209 Nostri
2375 3150 2729 3213 cecideruut
2775 3174 2868 3215 111.

476 3235 666 3298 saucii
721 3256 835 3298 ιη.
868 3235 1118 3320 pedites,
1143 3251 1203 3298 et
1230 3233 1459 3316 equites
1487 3255 1548 3295 v.
1622 3231 1779 3316 Ejus
1808 3233 1928 3318 diei
1959 3232 2294 3314 insequenti
2325 3247 2602 3319 tempore
2625 3238 2869 3320 pristini

394 3317 912 3383 35consuetudine
940 3342 1054 3405 pro
1086 3341 1260 3382 muro
1296 3318 1561 3402 pugnari
1608 3333 1882 3403 coeptum
1926 3332 2031 3380 est.
2120 3316 2329 3399 Quum
2365 3321 2532 3383 -bene
2585 3343 2864 3404 magnam

472 3404 916 3468 multitudinem
949 3405 1227 3482 telorum,
1259 3405 1830 3487 ignemque-nostris
1854 3402 2314 3466 defendentibus
2344 3405 2731 3487 injecissent;
2773 3429 2865 3471 ne-

384 3529 391 3532 ·
472 3490 724 3552 fandum
755 3490 1357 3573 crudelissimumque
1385 3488 1620 3551 facinus
1651 3503 1789 3551 sunt
1819 3489 2115 3571 aggressi,
2141 3488 2204 3551 in
2248 3506 2706 3575 conspectuque
2737 3515 2866 3556 nos-

472 3590 568 3637 tro
599 3575 884 3659 hospites,
909 3575 1013 3659 qui
1044 3576 1108 3638 in
1140 3575 1371 3660 oppido
1401 3588 1591 3651 eraut,
1623 3573 1936 3657 jugulare,
1962 3588 2023 3636 et
2051 3574 2127 3636 de
2159 3596 2334 3638 muro
2363 3578 2714 3661 praecipites
2741 3578 2865 3641 mit-

475 3676 599 3724 tere
629 3675 966 3746 coeperunt,
1016 3662 1169 3724 sicut
1199 3660 1363 3745 apud
1393 3661 1721 3724 barbaros:
1769 3661 1934 3743 quod
1982 3672 2121 3744 post
2150 3661 2465 3725 hominum
2514 3665 2864 3727 memoriam

389 3749 597 3809 40nun
642 3768 784 3809 uam
814 3761 905 3809 est
945 3746 1192 3810 factum.

557 3830 624 3894 X
688 3830 739 3895 1.
801 3830 1001 3915 Hujus
1049 3833 1168 3895 diei
1213 3845 1488 3895 extremo
1534 3845 1807 3917 tempore
1837 3831 1876 3893 a
1901 3829 2299 3917 Pompeianis
2329 3831 2488 3895 clam
2522 3833 2603 3896 ad
2635 3850 2862 3898 nostros

476 3917 823 3981 tabellarius
843 3931 932 3981 est
951 3917 1186 3997 missus,
1208 3932 1275 3981 ut
1292 3920 1367 3981 ea
1385 3931 1584 3995 nocte,
1607 3931 1797 3981 turres
1823 3937 2232 4000 aggeremque
2255 3917 2667 3997 incenderent,
2692 3935 2752 3983 et
2768 3942 2859 3984 ιιι.

472 4003 687 4087 vigilia
715 4004 1093 4088 eruptionem
1124 4004 1408 4067 facerent.
1497 4001 1595 4066 Ita
1642 4004 1805 4087 igne,
1837 4002 2213 4086 telorumque
2258 4003 2646 4067 multitudine
2676 4006 2858 4088 jacta,

450 4201 497 4248 3.
526 4200 626 4260 Quo
637 4197 770 4263 fado
785 4199 847 4248 ab
866 4199 1128 4264 oppidanis,
1143 4200 1252 4262 δια]
1283 4199 1598 4260 Corruptissi-
1661 4214 1780 4260 quos
1799 4200 1900 4257 ipse
1922 4199 1970 4246 iu
1989 4214 2077 4247 sua
2098 4199 2308 4247 habebat
2322 4207 2577 4258 potestate.

389 4277 495 4310 mus
516 4273 592 4310 est
606 4263 754 4310 locus.
818 4262 894 4310 De
916 4278 1011 4322 quo
1033 4265 1162 4311 enim
1183 4264 1422 4322 loquatur,
1442 4264 1597 4311 nesci·
1710 4265 1782 4310 12.
1802 4264 1947 4318 Puer,
1963 4262 2043 4325 qm·
2059 4261 2292 4310 ballistam
2305 4262 2463 4310 solitus
2482 4268 2580 4311 emt
2595 4263 2854 4328 obsum]

390 4332 483 4372 tur.
547 4325 832 4372 Conservati
855 4326 1087 4385 oppidani
1117 4328 1324 4373 orabant
1353 4325 1597 4373 (ἑαυτοῦ
1662 4325 1723 4374 Ut
1741 4326 1912 4372 milites
1934 4333 2149 4371 moueret
2166 4339 2338 4372 cavere
2359 4327 2466 4373 sibi.

389 4395 444 4433 ut
462 4389 631 4436 missos
655 4390 838 4435 faceret
867 4388 1112 4445 loricatos,
1140 4388 1277 4449 quasi
1299 4397 1348 4435 et
1377 4388 1469 4447 ipsi
1489 4401 1599 4436 suo·
1722 4389 1801 4436 23.
1831 4387 1923 4446 Qui
1938 4401 2082 4450 quum
2097 4386 2168 4434 oi·
2279 4387 2393 4445 loco,
2416 4387 2524 4449 δια]
2541 4388 2632 4441 Qui
2659 4389 2851 4452 [hostes]

392 4462 496 4495 rum
518 4459 696 4507 essent,
719 4461 862 4510 atque
891 4450 1017 4499 adeo
1036 4453 1368 4499 conservandi.
1433 4451 1597 4510 Suspi-
1660 4450 1769 4497 cun
1791 4452 1972 4510 pariter
1993 4449 2022 4497 a
2044 4464 2130 4496 nos
2247 4459 2407 4498 essent
2428 4451 2604 4510 repulsi
2627 4451 2732 4510 pari
2752 4467 2848 4500 nos·

390 4523 477 4555 cor
498 4521 668 4567 captos
689 4515 753 4559 ab
773 4514 1028 4572 oppidanis
1059 4528 1165 4561 esse
1188 4513 1463 4571 nonnullos,
1494 4513 1596 4572 qui-
1659 4522 1841 4561 uorum
1865 4513 2161 4567 fortitudine,
2182 4514 2461 4574 refugerunt
2481 4527 2711 4573 pugnam.

390 4571 481 4616 bus
502 4571 619 4641 data
638 4574 794 4621 venia.
858 4575 1026 4634 ltaque
1047 4585 1305 4628 oraverunt
1336 4574 1597 4634 Cesarem,
1721 4577 1800 4623 38.
1838 4575 2086 4637 Hospita]
2152 4575 2528 4624 Necessitudiuis
2569 4586 2676 4626 ent
2708 4588 2848 4639 genu

390 4639 444 4677 nt
484 4631 692 4679 vicissim
734 4635 918 4694 aliquo·
955 4638 1216 4686 dimitteret
1258 4637 1598 4696 Pompeianos,
1658 4638 1936 4698 hospitium,
1962 4646 2018 4685 ut
2035 4651 2186 4697 supra
2203 4637 2396 4686 ὥσωιιι.

2303 4857 2334 4880 *b
