3059 5050
497 246 625 323 Μ
1329 252 1456 317 DE
1501 251 1805 316 BELLO
1850 249 2128 316 CIVILl

589 404 826 492 probati
846 416 906 466 et
928 402 1099 465 electi
1129 402 1194 463 in
1217 402 1564 485 provincias
1590 401 1927 462 mittantur:
1960 401 2021 462 in
2042 420 2105 462 se
2129 400 2317 462 aetatis
2335 403 2744 466 excusationem
2760 405 2881 472 nihil

583 492 808 565 valere,
830 489 993 570 quod
1014 488 1420 571 superioribus
1441 486 1613 548 bellis
1633 487 1871 569 probati
1900 486 1977 546 ad
2001 487 2351 547 obtinendos
2373 488 2648 549 exercitus
2669 510 2879 553 evocen-

589 590 720 637 tur:
770 574 830 635 in
864 596 925 635 se
955 595 1078 634 uno
1109 593 1229 633 non
1277 574 1522 647 servari,
1555 571 1719 652 quod
1764 571 1839 631 sit
1883 570 2161 631 omnibus
2198 572 2399 633 datum
2427 592 2643 654 semper
2669 573 2880 657 impera·

591 662 840 735 toribus,
872 674 939 720 ut
968 660 1144 719 rebus
1175 657 1421 719 feliciter
1453 657 1655 737 gestis,
1682 669 1785 717 aut
1818 676 1955 716 cum
1990 656 2217 717 honore
2246 656 2463 738 aliquo,
2492 670 2589 717 aut
2616 659 2759 719 certe
2784 660 2881 721 sine

510 752 546 809 5
593 744 949 827 ignominia,
971 744 1216 804 domum
1251 756 1642 815 revertantur,
1673 740 2124 821 exercitumque
2154 740 2465 802 dimittant.
2549 740 2697 823 Quae
2723 757 2879 805 tamen

594 830 798 891 omnia
828 844 888 890 et
911 850 972 889 se
1001 827 1202 889 tulisse
1229 827 1545 909 patienter,
1571 841 1629 885 et
1658 846 1784 886 esse
1810 825 2070 886 laturum
2095 847 2110 885 ε
2156 846 2348 907 neque
2376 847 2525 887 nunc
2556 826 2615 887 id
2642 847 2810 908 agere,
2835 842 2881 889 ut

594 917 673 976 ab
704 913 821 974 illis
846 913 1172 974 abductum
1204 913 1531 973 exercitum
1564 924 1762 972 teneat
1794 910 1940 993 ipse,
1970 910 2160 995 (quod
2190 924 2390 973 tamen
2419 911 2526 972 sibi
2554 910 2766 972 difficile
2789 933 2880 973 non

594 1000 671 1061 sit
689 999 735 1083 3)
788 999 887 1060 sed
921 1020 995 1059 ne
1040 997 1123 1059 illi
1158 998 1439 1073 habeant,
1485 1018 1608 1078 quo
1639 1010 1851 1057 contra
1881 1017 1944 1057 se
1990 996 2076 1057 uti
2106 996 2364 1078 possint:
2410 995 2666 1078 proinde,
2692 1009 2747 1057 ut
2768 1010 2881 1058 esset

594 1085 845 1161 dictum,
893 1082 1221 1166 provinciis
1269 1082 1648 1156 excederent,
1697 1082 2146 1161 exercitumque
2197 1081 2571 1142 dimitterent.
2651 1079 2710 1142 Si
2743 1081 2794 1142 id
2828 1082 2880 1142 sit

517 1170 840 1247 10factum,
873 1168 1214 1230 nociturum
1247 1189 1309 1228 se
1339 1168 1583 1228 nemini.
1659 1164 1839 1228 Hanc
1871 1186 2050 1227 unam
2082 1182 2263 1248 atque
2286 1178 2606 1228 extremam
2630 1165 2881 1249 pacisesse

596 1254 1024 1317 conditionem.

678 1336 1045 1401 LXXXVI.
1094 1337 1162 1401 ld
1207 1337 1352 1399 vero
1399 1336 1688 1399 militibus
1731 1336 1841 1399 suit
1871 1348 2240 1420 pergratum,
2271 1351 2330 1398 et
2362 1335 2704 1418 jucundum,
2732 1334 2875 1421 (utex

597 1425 730 1508 ipsa
759 1425 1201 1506 significatione
1249 1422 1443 1506 potuit
1485 1422 1927 1507 cognosci,)ut,
1972 1422 2075 1503 qui
2124 1421 2354 1504 aliquid
2402 1422 2541 1483 victi
2582 1420 2875 1483 incommodi

594 1511 1118 1592 exspectavissent,
1141 1507 1297 1571 ultrt')
1331 1508 1649 1590 praemium
1676 1507 1976 1569 missionis
1999 1506 2236 1569 ferrent.
2326 1505 2388 1568 N
2392 1527 2487 1568 am
2513 1528 2684 1586 uuum
2703 1505 2877 1567 deloco

509 1598 654 1657 .15et
683 1608 952 1677 tempore
975 1596 1103 1673 ejus
1129 1593 1212 1655 rei
1243 1594 1656 1654 controversia
1686 1591 2016 1668 inferretur,
2041 1605 2100 1654 et
2128 1612 2285 1655 voce
2313 1608 2373 1654 et
2400 1593 2663 1654 manibus
2684 1588 2876 1652 universi

595 1701 673 1741 ex
720 1679 901 1755 vall0,
950 1680 1049 1741 ubi
1096 1680 1504 1753 constiterant,
1552 1677 1895 1757 significare
1939 1692 2271 1760 coeperunt,
2337 1694 2403 1740 ut
2444 1677 2633 1739 statim
2686 1675 2877 1738 dimitte·

596 1778 838 1826 rentur:
893 1785 1085 1846 neque
1129 1764 1296 1825 omni
1339 1763 1693 1847 interposita
1738 1763 1858 1824 fide
1900 1764 2136 1824 firmum
2182 1784 2315 1825 esse
2358 1783 2548 1846 posse,
2591 1761 2634 1824 si
2674 1761 2727 1823 in
2763 1758 2878 1821 aliud

596 1864 829 1933 tempus
878 1849 1233 1911 differretur.
1321 1847 1547 1910 Paucis
1595 1869 1778 1929 quum
1828 1862 1980 1909 esset
2027 1848 2085 1909 in
2142 1861 2460 1930 utramque
2504 1861 2713 1932 partem
2738 1844 2879 1907 verbis

596 1937 988 2019 disputatum,
1016 1957 1107 1996 res
1138 1936 1254 1996 huc
1285 1934 1640 2012 deducitur3
1687 1948 1751 1994 ut
1780 1932 1842 2011 ii,
1874 1934 1977 2015 qui
2004 1933 2266 1995 habeant
2297 1933 2655 1997 domicilium
2682 1943 2878 2013 autpos-

513 2021 887 2083 20sessiones
918 2020 978 2081 in
1013 2019 1331 2104 Hispania,
1363 2019 1603 2096 statim3
1649 2018 1859 2100 reliqui
1905 2019 1983 2080 ad
2022 2017 2253 2079 Varum
2306 2019 2526 2081 flumen
2568 2018 2877 2080 dimittantur.

597 2106 696 2166 Ne
738 2106 880 2186 quid
912 2106 997 2166 eis
1027 2118 1362 2179 noceretur,
1393 2124 1544 2165 neve
1574 2104 1706 2185 quis
1737 2104 1957 2165 invitus
1988 2117 2370 2166 sacramento
2399 2105 2595 2167 dicere
2621 2112 2879 2184 cogeretur,

596 2191 634 2251 ὁ,
664 2188 915 2249 Caesare
951 2203 1216 2250 cavetur.

679 2270 1081 2334 LXXXVII.
1109 2272 1345 2350 Caesar,
1365 2294 1442 2335 ex
1468 2295 1543 2335 eo
1567 2286 1856 2358 tempore,
1882 2275 2026 2347 dum
2052 2275 2129 2336 ad
2162 2274 2388 2337 flumen
2413 2274 2638 2337 Varum
2660 2271 2879 2340 veniatur,

595 2378 660 2419 se
706 2356 1068 2419 frumentum
1115 2358 1395 2420 daturum
1446 2359 1784 2442 pollicetur.
1871 2360 2062 2421 Addit
2113 2361 2319 2438 etiam,
2384 2376 2466 2438 ut,
2520 2359 2655 2442 quid
2698 2355 2882 2439 quisque

509 2446 802 2505 25eorum
829 2443 891 2504 in
918 2443 1075 2505 bello
1101 2444 1383 2520 amiserit,
1409 2466 1552 2527 quae
1581 2445 1699 2506 sint
1728 2445 1915 2530 penes
1945 2445 2158 2507 milites
2184 2466 2357 2524 suos,
2389 2447 2481 2524 iis,
2494 2444 2607 2529 'qui
2636 2439 2884 2510 amiserint,

594 2529 968 2590 restituatur:
1015 2528 1321 2606 militibus,
1349 2530 1526 2611 aequz'i
1552 2530 1713 2593 facta
1742 2532 2159 2608 aestimatione,
2191 2534 2518 2615 pecuniam
2549 2552 2654 2616 pro
2678 2528 2740 2590 iis
2763 2525 2884 2586 rebus

593 2612 885 2674 dissolvit.
973 2611 1386 2696 quascunque
1434 2629 1643 2697 postea
1692 2617 2130 2679 controversias
2177 2616 2342 2679 iuter
2385 2640 2448 2679 se
2494 2617 2693 2679 milites
2723 2612 2882 2680 habuc.-

593 2712 752 2773 runt‚
780 2698 891 2759 sua
913 2711 1126 2780 sponte
1151 2699 1227 2759 ad
1256 2698 1569 2760 Caesarem
1596 2700 1754 2761 intus
1779 2701 2075 2763 adierunt.
2151 2700 2434 2764 Petreius
2460 2718 2632 2784 atque
2654 2694 2881 2762 Afranius·

594 2803 778 2863 quum
830 2783 1191 2867 stipendium
1247 2786 1324 2845 ab
1371 2783 1732 2864 legionibus,
1786 2786 1943 2868 pene
1993 2786 2282 2848 seditione
2343 2787 2523 2864 sacta,
2576 2785 2880 2866 flagitaretur,

511 2869 765 2950 SOcujus
796 2867 882 2929 illi
913 2869 1071 2930 diem
1106 2869 1370 2930 nonduin
1404 2869 1635 2930 venisse
1664 2871 1949 2946 dicerent,
1973 2870 2190 2933 Caesar
2219 2887 2283 2933 ut
2311 2883 2714 2955 cognosceret,
2739 2877 2882 2951 postu·

595 2951 759 3014 lant:
817 2973 1009 3036 eoque
1053 2954 1310 3036 utrique,
1355 2955 1519 3036 quod
1567 2955 1789 3032 statuit,
1835 2957 2097 3018 contenti
2143 2956 2407 3020 suerunt.
2495 2957 2671 3020 Parte
2714 2949 2883 3014 circitfl'

591 3038 769 3100 tertia
797 3039 1096 3102 exercitus
1125 3060 1200 3102 eo
1226 3040 1414 3102 biduo
1443 3039 1709 3116 dimissa,
1743 3062 1814 3102 11.
1847 3040 2115 3122 legiones
2140 3063 2277 3103 suas
2304 3044 2670 3118 antecedere,
2696 3036 2880 3115 reliquas

594 3124 876 3206 subsequi
910 3125 1132 3206 jussit;
1191 3138 1254 3186 ut
1285 3146 1407 3186 non
1439 3123 1628 3206 longo
1659 3126 1812 3187 inter
1842 3147 1904 3187 se
1948 3127 2144 3208 spatio
2188 3143 2391 3190 castra
2436 3127 2720 3190 facerent:
2766 3121 2883 3198 eique

594 3209 842 3288 negotio
872 3208 954 3292 Q.
987 3208 1236 3271 Fusium
1269 3208 1569 3271 Kalenum
1604 3209 1868 3291 legatum
1896 3210 2184 3293 praefecit.
2274 3212 2421 3274 Hoc
2451 3216 2578 3296 ejus
2605 3206 2879 3296 praescripto

511 3295 670 3353 3522<
721 3291 1021 3375 Hispania
1068 3295 1146 3354 ad
1177 3293 1411 3356 Varum
1445 3293 1667 3357 flumen
1696 3308 1787 3356 est
1814 3295 1926 3356 iter
1962 3294 2206 3373 factum,
2238 3310 2423 3380 atque
2454 3298 2537 3361 ibi
2567 3296 2770 3378 reliqua
2789 3304 2883 3372 par-²

593 3377 893 3437 exercitus
922 3379 1169 3438 dimissa
1199 3391 1304 3438 est.

575 3525 615 3571 1.
653 3524 710 3572 In
738 3538 783 3570 se
804 3525 949 3572 aeeatis
979 3526 1320 3575 excusationem
1357 3526 1478 3576 nihil
1512 3528 1701 3590 valera]
1766 3527 1871 3574 aliis
1893 3537 2065 3588 sponte
2087 3528 2272 3575 illorum
2295 3537 2500 3590 propter
2520 3532 2712 3577 honore·
2742 3529 2780 3569 et
2801 3527 2886 3577 ¹1⁸*

507 3587 631 3640 Quia
651 3586 873 3631 emeritos
897 3588 1164 3644 capiebant.
1766 3599 1879 3636 stus.
2858 3635 2865 3645 ,

569 3650 645 3694 20.
672 3647 842 3696 Varum
863 3647 1082 3709 flumem]
1119 3649 1207 3696 llla
1227 3660 1276 3698 et
1297 3650 1386 3697 hac
1418 3659 1703 3709 tempestate
1826 3653 1904 3697 28.
1928 3652 2059 3698 Intus
2088 3651 2341 3714 adierunt]
2407 3655 2613 3708 Quidam
2642 3649 2830 3707 κρωΰῑ
2852 3650 2885 3682 ¹⁸

507 3710 656 3756 halim
677 3717 726 3755 et
741 3710 908 3755 Gallie
925 3711 1059 3758 limes
1090 3720 1179 3766 est,
1207 3727 1267 3758 ex
1286 3714 1482 3771 Alpibus
1502 3714 1549 3758 in
1570 3728 1702 3760 mare
1755 3715 1857 3776 jus,
1880 3729 1968 3760 nec
1992 3715 2112 3761 male
2131 3729 2145 3770 ;
2188 3715 2449 3763 dicendum
2471 3717 2600 3763 euim
2628 3721 2710 3768 est,
2729 3709 2887 3759 ΜΒ

507 3772 913 3818 Mediterraneum
933 3774 1207 3832 decurrens,
1229 3774 1350 3821 iuter
1374 3776 1633 3833 Antipolim
1654 3785 1704 3823 et
1767 3791 1852 3821 usu
1878 3776 2033 3822 Latini
2058 3778 2304 3824 sermonis.
2859 3823 2867 3832 ,

506 3833 718 3880 Nicaeam
744 3833 937 3879 medius.
1826 3840 1902 3883 34.
1926 3839 1980 3897 Q.
1994 3837 2187 3885 Fusium
2206 3839 2480 3902 Kalemtm]
2516 3838 2749 3886 Pusiomm
2763 3823 2887 3875 smil*

1764 3900 1960 3947 Plebeia
1983 3901 2083 3946 suit.
2139 3901 2185 3947 Is
2205 3911 2613 3949 commemoratur
2631 3908 2677 3945 et
2696 3897 2736 3942 in
2757 3906 2823 3938 vn.
2836 3885 2891 3930 ffi-

599 3957 737 4004 Fim'r
755 3963 797 4005 et
825 3956 1056 4018 Hesperie
1067 3964 1282 4020 promoto
1304 3958 1449 4006 limite
1479 3960 1640 4008 Varus.
1763 3964 1824 4007 de
1846 3964 1970 4008 bello
1992 3963 2116 4009 Gall.
2164 3963 2401 4009 Tribunus
2420 3965 2575 4022 plebis
2597 3964 2753 4013 fuerat,
2772 3954 2891 4000 ΡΜ

1465 4077 1468 4082 ι
1762 4033 1809 4069 et
1832 4024 2041 4070 Messala
2073 4040 2197 4072 cosa.
2234 4025 2503 4084 Clodioque
2538 4035 2718 4081 semper
2748 4015 2891 4063 ιἰΐῦῑῐ·

565 4081 640 4126 21.
668 4081 1000 4142 Sat-tarnum]
1024 4081 1180 4139 Aliqui
1198 4092 1432 4139 reponunt
1447 4098 1701 4132 sacrmen-
1764 4086 1952 4132 Acriter
1993 4086 2041 4132 in
2085 4087 2214 4132 illum
2259 4087 2430 4134 Cicero
2476 4085 2707 4134 invehitur
2747 4081 2786 4126 in
2818 4084 2893 4118 vni.

506 4146 620 4190 tum.
682 4144 981 4201 Quamquam
1016 4144 1116 4189 haec
1153 4144 1325 4189 locutio
1358 4149 1484 4203 apud
1508 4154 1700 4193 autores
1762 4147 2049 4207 Philippica.
2112 4150 2207 4194 Sed
2246 4149 2384 4196 facite
2406 4150 2680 4209 respondet,
2700 4138 2897 4189 ‹1¹75de
2964 4187 2965 4192 ,

503 4202 707 4275 legatur,
744 4205 845 4251 Liv.
877 4205 956 4251 lib.
980 4219 1046 4252 iv.
1118 4205 1318 4251 Tribuni
1349 4207 1533 4254 auxilio
1568 4223 1700 4255 nemo
1762 4209 1889 4265 apud
1926 4209 2095 4256 Dionis
2125 4210 2296 4256 librum
2322 4225 2453 4259 uvi.
2520 4211 2728 4258 Tandem
2746 4201 2896 4250 “3¹³oe

503 4271 674 4312 παι-σιω
692 4266 858 4313 dicere!
877 4271 1170 4314 numento.
1233 4266 1386 4314 Porro
1411 4269 1502 4314 Dio
1531 4270 1697 4316 scribit
1759 4270 1968 4317 secundi
1996 4272 2235 4320 dictatur&
2255 4274 2468 4331 Caesare,
2491 4272 2659 4321 consul
2694 4270 2821 4315 stem
2836 4261 2898 4304 θ’·

503 4322 534 4368 ὶ
554 4325 744 4373 cuore
775 4329 974 4376 eximios
1005 4342 1111 4376 esse
1141 4329 1378 4387 dunis-oo,
1409 4345 1548 4378 usum
1580 4331 1696 4377 vero
2398 4367 2405 4374 .
