3059 5050
418 253 497 313 14
1176 241 1303 313 m:
1342 244 1649 315 BELLO
1694 243 2087 314 GALLICO

495 404 646 469 tatu,
665 412 843 476 quem
864 392 1096 457 auxilio
1119 391 1359 459 Caesari
1386 392 1577 458 AEdui
1607 396 1908 473 miserant,
1937 390 2287 458 Dumnorix
2305 393 2590 480 proeerat)
2622 414 2866 458 eorum-

497 475 791 625 queff
816 475 1112 562 reliquum
1141 499 1271 542 esse
1298 480 1629 563 equitamm
1658 481 2056 564 perterritum.

808 558 1049 645 Quibus
1076 564 1256 626 rebus
1300 564 1581 646 cognitis,
1660 585 1804 626 uum
1852 565 1932 627 ad
1972 565 2083 626 has
2111 588 2180 627 su
2254 563 2478 626 icioues
2515 564 2866 628 certissimae

497 666 590 709 res
638 646 1034 710 accederent:
1078 646 1244 730 quod
1364 670 1396 709 r
1438 648 1590 711 sanes
1679 669 2054 731 equauorum
2108 586 2418 713 Relicuos
2465 648 2868 711 traduxisset:

412 734 454 799 ‚⁵
498 731 665 815 quod
694 731 934 793 obsides
954 731 1110 795 inter
1131 753 1235 795 eos
1263 670 1497 796 «gendos
1526 732 1828 796 curasset:
1873 732 2038 815 quod
2067 754 2142 796 ea
2170 733 2374 796 omnia
2402 753 2526 795 non
2555 731 2740 795 modo
2770 732 2867 795 iu·

484 815 664 897 jussu
693 835 805 877 suo
832 828 893 877 et
920 817 1198 894 civitatis,
1224 817 1328 880 sed
1356 816 1537 880 etiam
1565 817 1955 885 inscientibus
1984 816 2127 900 ipsis
2155 817 2426 889 fecisset:
2471 815 2640 899 quod
2668 817 2707 877 ὁ,
2735 837 2870 879 ma·

501 897 758 982 gistratu
786 897 1129 963 AEduorum
1160 916 1581 965 accusaretur:
1626 900 1767 964 satis
1795 921 1923 963 esse
1951 922 2184 965 caussoe
2227 901 2649 977 arbitrabatur,
2678 921 2872 982 quare

499 984 562 1046 in
587 1004 725 1046 eum
766 999 871 1046 aut
898 984 1027 1070 ipse
1056 984 1577 1063 animadverteret,
1608 998 1715 1048 aut
1739 986 2041 1047 civitatem
2095 985 2571 1049 animadvertere
2602 986 2874 1067 juberet.

500 1064 618 1131 His
665 1070 945 1131 omnibus
983 1090 1170 1133 unum
1208 1072 1609 1155 repugnabat,
1663 1067 1828 1152 quod
1874 1068 2166 1134 Divitiaci
2211 1068 2410 1132 fratris
2461 1089 2758 1131 summum
2806 1069 2874 1131 in

424 1152 795 1237 lopopulum
823 1152 908 1216 R.
939 1154 1222 1231 studium,
1254 1176 1551 1217 summam
1576 1155 1641 1216 in
1669 1176 1732 1216 se
1754 1153 2142 1231 voluntatem,
2172 1154 2486 1237 egregiam
2516 1153 2717 1230 fldem,
2733 1154 2876 1235 jus-

504 1237 715 1315 titiam,
765 1251 881 1299 tem
963 1239 1222 1302 rantiam
1250 1252 1644 1321 cognoverat.
1729 1236 1917 1315 Nam,
1963 1259 2040 1300 ne
2079 1236 2208 1322 e'jus
2249 1237 2545 1323 supplicio
2573 1234 2871 1300 Divitiaci

504 1323 773 1385 animum
803 1345 842 1384 o
886 1323 1148 1401 cuderet,
1192 1324 1530 1387 verebatur.
1618 1321 1831 1405 Itaque
1851 1322 2017 1406 prius
2046 1324 2228 1406 quam
2258 1322 2587 1405 quidquam
2616 1342 2874 1384 conare-

504 1418 621 1484 tur,
648 1406 1021 1471 Divitiacum
1052 1409 1132 1471 ad
1162 1429 1224 1470 se
1250 1409 1458 1471 vocari
1476 1409 1656 1489 jubet
1679 1430 1699 1485 3
1741 1423 1803 1470 et
1829 1407 2197 1490 quotidianis
2224 1405 2646 1506 interpretibus
2675 1426 2876 1468 remo-

502 1490 599 1569 tis,
632 1513 739 1575 per
768 1491 847 1554 C.
881 1490 1196 1555 Valerium
1226 1490 1583 1569 Procillum,
1621 1492 1953 1576 principem
1990 1491 2210 1554 Galliae
2241 1490 2593 1577 provincias,
2619 1488 2878 1552 familia·

424 1576 631 1639 15rem
652 1597 855 1654 suum,
880 1575 979 1638 cui
1000 1597 1294 1639 summam
1325 1598 1525 1638 rerum
1556 1576 1826 1638 omnium
1855 1575 2035 1638 fidem
2061 1577 2343 1652 habebat,
2368 1595 2508 1637 cum
2559 1594 2635 1636 eo
2685 1573 2878 1635 collo-

548 1660 708 1723 uitur
731 1682 752 1739 3
796 1661 970 1723 simul
1000 1660 1485 1737 commonefacit,
1510 1681 1652 1743 quoe
1681 1659 1814 1745 ipso
1837 1674 2133 1744 proesente
2172 1660 2236 1723 in
2264 1658 2525 1722 concilio
2555 1656 2878 1720 Gallorum

547 1767 582 1806 e
604 1742 991 1828 Dumnorige
1021 1746 1139 1808 sint
1161 1745 1346 1823 dicta,
1373 1758 1434 1808 et
1455 1746 1716 1808 ostendit
1739 1766 1880 1827 quae
1909 1745 2232 1829 separatim
2251 1742 2502 1827 quisque
2524 1743 2600 1806 de
2617 1764 2693 1804 eo
2711 1744 2874 1841 apud

505 1851 568 1892 se
593 1828 851 1893 dixerit:
896 1829 1045 1915 petit
1073 1845 1254 1913 atque
1281 1820 1575 1906 hortatur,
1606 1843 1673 1891 ut
1701 1830 1829 1891 sine
1850 1830 1978 1911 ejus
2006 1827 2334 1891 offensione
2366 1827 2574 1903 animi,
2620 1827 2718 1889 vel
2745 1848 2876 1911 ipse

505 1913 582 1977 de
610 1936 704 1992 eo,
734 1915 951 1978 caussa
972 1914 1240 1998 cognita,
1271 1928 1510 1992 statuat,
1540 1912 1639 1976 vel
1667 1914 1968 1976 civitatem
1993 1927 2251 1977 stamere
2264 1913 2500 1994 jubeat.

418 2002 504 2063 20
588 1997 737 2063 XX.
782 1998 1124 2063 Divitiacus
1169 1999 1372 2063 multis
1416 2020 1557 2061 cum
1603 1997 1890 2080 lacrymis
1942 1997 2256 2060 Caesarem
2307 1995 2661 2080 complexus
2702 1996 2877 2059 obse-

504 2106 677 2147 crare
706 2086 911 2168 coepit,
942 2105 1018 2146 ne
1059 2084 1205 2165 quid
1236 2083 1485 2166 gravius
1524 2082 1588 2144 in
1636 2080 1878 2157 fratrem
1908 2095 2234 2145 statueret:
2277 2080 2430 2143 scire
2480 2101 2543 2141 se
2599 2080 2703 2142 illa
2749 2103 2878 2143 esse

502 2190 669 2245 vera,
698 2189 811 2229 nec
842 2188 1185 2249 quenquam
1215 2188 1294 2229 ex
1321 2186 1395 2228 eo
1424 2164 1583 2249 plus,
1612 2166 1794 2247 quam
1824 2186 1905 2242 se,
1937 2165 2164 2228 doloris
2198 2186 2460 2265 capere:
2502 2179 2529 2210 ⁸
2560 2186 2671 2248 pro
2715 2178 2879 2227 terea

508 2252 697 2333 quod,
749 2250 962 2349 (quum
1010 2252 1138 2335 ipse
1185 2249 1382 2333 gratia
1423 2250 1749 2334 plurimum
1801 2250 1988 2327 domi,
2033 2263 2213 2333 atque
2265 2272 2327 2313 m
2378 2248 2611 2333 reliquii
2650 2187 2876 2327 gallis,

508 2333 609 2398 ille
634 2335 949 2397 minimum
980 2350 1226 2419 propter
1255 2334 1721 2415 adolescentiam
1771 2334 1998 2419 posset)
2031 2356 2138 2419 per
2184 2356 2250 2397 se
2291 2334 2616 2413 crevisset3
2658 2335 2877 2418 quibus

421 2420 727 2504 &opibus
779 2440 852 2483 ac
898 2420 1114 2497 nervis,
1163 2440 1287 2483 non
1328 2418 1523 2482 solnm
1566 2419 1646 2482 ad
1678 2418 2066 2482 minuendam
2118 2419 2401 2503 gratiam,
2437 2419 2539 2481 sed
2585 2419 2743 2503 pene
2793 2420 2875 2483 ad

507 2504 835 2589 perniciem
863 2527 1035 2568 suam
1067 2517 1330 2568 uteretur
1356 2527 1373 2567 :
1417 2526 1545 2568 sese
1594 2517 1798 2568 tamen
1825 2517 1886 2568 et
1931 2525 2138 2567 amore
2175 2504 2461 2581 fraterno,
2490 2517 2550 2567 et
2571 2503 2876 2567 existima·

506 2590 671 2652 tione
700 2590 871 2673 vulgi
900 2591 1268 2654 commoveri
1296 2612 1312 2652 :
1358 2589 1523 2673 quod
1570 2590 1618 2652 si
1648 2589 1799 2675 quid
1827 2590 1884 2652 ei
1917 2590 1955 2650 a
1983 2589 2238 2652 Caesare
2265 2588 2510 2672 gravius
2541 2588 2876 2667 accidisset,

507 2675 648 2737 cum
678 2675 804 2759 ipse
828 2696 965 2738 eum
994 2674 1197 2737 locum
1228 2675 1513 2738 amicitioe
1544 2675 1707 2761 apud
1758 2696 1896 2737 eum
1927 2687 2170 2751 teneret,
2222 2672 2523 2736 neminem
2569 2672 2876 2736 existima-

508 2772 709 2823 turum
740 2782 863 2823 non
887 2759 998 2823 sua
1022 2757 1334 2824 voluntate
1360 2756 1626 2839 factum3
1671 2759 1791 2842 qua
1817 2780 1896 2821 ex
1926 2781 1990 2820 re
2018 2757 2305 2835 futurum,
2335 2757 2422 2820 uti
2445 2758 2627 2826 totius
2653 2757 2877 2820 Galliae

426 2845 697 2908 SOanimi
745 2845 783 2908 ὁ,
828 2868 890 2909 se
933 2857 1357 2908 averterentur.
1443 2841 1605 2907 Hoec
1629 2865 1814 2927 quum
1845 2842 2119 2927 pluribus
2145 2842 2344 2906 verbis
2385 2842 2532 2904 flens
2560 2841 2599 2905 a
2627 2841 2879 2906 Coesare

507 2943 756 3015 peteret,
788 2929 1006 2994 Caesar
1029 2931 1156 3013 ejus
1179 2930 1457 2992 dextram
1486 2928 1846 3013 prehendit:
1890 2927 2234 2990 consolatus
2256 2940 2436 3008 rogat
2453 2926 2633 2989 finem
2663 2926 2877 2990 orandi

508 3015 694 3078 saciat
720 3037 736 3077 τ
780 3014 930 3080 tanti
959 3015 1087 3099 ejus
1116 3015 1280 3117 apud
1310 3036 1373 3077 se
1402 3013 1662 3095 gratiam
1693 3033 1819 3075 esse
1848 3012 2124 3090 ostendit,
2149 3012 2238 3074 uti
2266 3024 2327 3075 et
2351 3009 2470 3074 Rei
2518 3057 2534 3073 .
2572 3011 2878 3093 injuriam,

508 3114 570 3163 et
599 3121 772 3163 suum
803 3100 1097 3179 dolorem,
1126 3121 1254 3183 ejus
1284 3099 1579 3161 voluntati
1609 3112 1683 3160 ac
1711 3098 1990 3197 precibus
2022 3097 2342 3159 condonet.
2500 3096 2876 3178 umnorigem

510 3186 590 3248 ad
622 3208 683 3250 se
712 3201 910 3264 vocat,
941 3185 1184 3249 tratrem
1216 3183 1499 3246 adhibet:
1545 3204 1686 3266 quae
1715 3192 1778 3243 111
1824 3203 1897 3243 eo
1934 3181 2349 3281 reprehendat,
2397 3181 2691 3258 ostendit:
2734 3201 2880 3265 quse

425 3268 637 3354 35ipse
665 3270 982 3353 intelligat,
1014 3290 1154 3352 quoe
1184 3268 1396 3329 civitas
1420 3280 1725 3350 queratur,
1755 3279 2080 3365 propomt:
2125 3278 2346 3342 monet,
2390 3279 2457 3328 ut
2484 3265 2548 3328 in
2576 3265 2876 3348 reliquum

511 3369 745 3436 tempus
773 3375 981 3417 omnes
1011 3352 1378 3437 suspiciones
1404 3353 1595 3430 vitet;
1639 3363 1946 3434 proeterita
1974 3372 2036 3412 se
2079 3348 2388 3413 Divitiaco
2430 3349 2600 3413 fratri
2645 3350 2878 3413 condo-

510 3459 655 3499 nare
679 3437 844 3500 dicit.
931 3435 1304 3518 Dumnorigi
1355 3437 1634 3499 custodes
1679 3436 1870 3520 ponit,
1897 3448 1980 3514 ut,
2012 3455 2153 3517 quae
2199 3448 2364 3517 agat,
2395 3435 2754 3519 quibuscum
2782 3434 2876 3497 lo·

510 3533 751 3604 quatur,
782 3523 933 3585 scire
961 3535 1179 3606 posset.

500 3685 503 3690 ¹
594 3603 776 3669 XXI.
821 3603 1059 3669 Eodem
1091 3606 1188 3668 die
1234 3606 1313 3668 ab
1342 3605 1830 3690 exploratoribus
1858 3604 2076 3668 certior
2105 3603 2298 3668 sactus
2326 3605 2526 3668 hostes
2562 3609 2673 3669 sub
2703 3625 2877 3667 mon-

426 3696 629 3755 40tem
660 3692 1019 3770 consedisse,
1048 3691 1239 3753 millia
1268 3712 1553 3776 passuum
1584 3692 1662 3752 ab
1708 3690 1896 3774 ipsius
1923 3690 2135 3754 castris
2164 3705 2303 3753 octo
2330 3711 2347 3751 ε
2392 3690 2589 3772 qualis
2611 3711 2740 3750 esse
2769 3710 2877 3752 na·

511 3791 645 3839 tura
674 3776 914 3854 montis,
957 3789 1019 3839 et
1036 3775 1240 3857 qualis
1286 3776 1350 3837 iu
1401 3774 1657 3838 circuitu
1687 3776 2029 3853 adscensus,
2060 3775 2164 3880 qui
2188 3784 2641 3857 cognoscerent,
2673 3773 2876 3836 misit:

509 3861 926 3924 renunciatum
956 3875 1043 3923 est
1072 3859 1307 3922 facilem
1339 3877 1484 3922 esse.
1570 3856 1672 3921 De
1694 3859 1869 3922 tertia
1895 3859 2108 3941 vigilia
2128 3857 2211 3920 T.
2237 3858 2576 3921 labienum
2607 3855 2874 3940 legatum

509 3965 623 4031 pro
654 3945 931 4007 Proetore
959 3966 1096 4007 cum
1128 3944 1363 4006 duabus
1392 3943 1756 4026 legionibus,
1786 3958 1846 4007 et
1886 3944 2096 4007 iisdem
2125 3942 2399 4017 ducibus,
2424 3940 2527 4023 qui
2570 3941 2682 4004 iter
2727 3963 2878 4042 cog-

508 4044 822 4107 noverant,
854 4050 1150 4091 summum
1169 4030 1395 4110 jugum
1424 4027 1644 4090 montis
1676 4029 1994 4091 ascendere
2003 4029 2209 4110 jubet3
2229 4025 2374 4109 quid
2394 4024 2486 4087 sui
2515 4026 2751 4089 consilii
2781 4041 2873 4102 stt,

485 4148 517 4178 a
554 4131 679 4192 Quia
693 4131 772 4177 ille
796 4135 958 4178 auctus
977 4132 1083 4175 esset
1103 4143 1187 4174 um
1209 4143 1239 4175 o
1268 4141 1364 4183 era,
1377 4126 1480 4175 ciam
1503 4127 1597 4190 ipse
1612 4127 1793 4175 haberet
1815 4142 2036 4190 mag-nam
2055 4125 2345 4174 autoritatem
2365 4124 2415 4174 in
2429 4139 2516 4174 sua
2529 4126 2726 4184 civitate,
2739 4130 2878 4190 alque

424 4193 473 4239 in
496 4199 660 4241 caetera
685 4192 847 4241 Gallia
862 4208 882 4249 ;
912 4192 991 4239 ine
1010 4189 1111 4237 ven)
1131 4189 1218 4237 nul
1315 4219 1330 4245 ‚
1350 4190 1406 4237 ob
1426 4203 1555 4236 mum
1568 4188 1879 4252 jurentutem.

484 4285 560 4329 24.
600 4284 774 4343 Quibus
793 4283 955 4345 opibus
996 4297 1050 4328 uc
1080 4280 1263 4340 nervia]
1302 4280 1379 4327 Sic
1402 4282 1621 4327 dicuntur
1684 4280 1839 4327 vincia
1852 4277 2329 4339 decretu,ejuslegati
2351 4293 2457 4326 cum
2480 4280 2678 4340 imperio
2695 4278 2758 4326 ad
2774 4294 2877 4328 rem

422 4345 562 4400 vires,
585 4347 944 4405 comparatione
966 4343 1107 4391 ducta
1137 4346 1198 4389 ab
1221 4343 1493 4389 animalium
1517 4357 1621 4388 cor·
1684 4344 1943 4402 gerendam
1962 4342 2285 4386 mitterentur:
2319 4343 2444 4400 quod
2460 4358 2522 4389 ex
2538 4343 2718 4400 aliquot
2731 4342 2877 4388 dena-

424 4406 633 4463 poribus,
655 4424 855 4467 quorum
878 4409 999 4455 vires
1024 4406 1246 4453 innervis
1267 4406 1547 4451 consistunt.
1684 4403 1763 4449 riis
1797 4406 2042 4461 probatur,
2079 4402 2126 4447 in
2158 4404 2324 4461 quibus
2362 4404 2506 4464 legati
2543 4418 2631 4463 pro
2669 4403 2879 4450 Pretore

484 4468 559 4511 43.
594 4469 686 4514 Pro
712 4471 952 4530 Pratum]
990 4469 1082 4516 Alii
1124 4469 1287 4528 legant
1304 4480 1516 4529 propere,
1542 4465 1622 4512 alii
1685 4465 1922 4520 dicuutur,
1963 4478 2081 4523 quos
2119 4465 2312 4512 Flavius
2361 4465 2556 4512 Ursinus
2593 4479 2877 4512 commemo-

427 4527 533 4573 verb
552 4544 636 4588 7¹⁷*ss
662 4532 880 4586 I'roetore,
900 4539 981 4579 aut
1002 4533 1217 4577 videatur
1233 4528 1617 4576 extraordinaria
1679 4535 1768 4573 rat.

424 4601 633 4642 potestas
651 4592 714 4636 illi
738 4595 865 4638 data.
901 4596 978 4640 Sic
997 4595 1125 4653 apud
1146 4592 1387 4639 Romanos
1419 4592 1521 4636 fieri
1545 4605 1617 4636 so-
1740 4589 1818 4635 44.
1837 4589 2080 4636 Summum
2095 4589 2314 4652 jugum]
2340 4588 2420 4635 Sic
2436 4589 2608 4636 dicitur
2627 4588 2753 4648 qnod
2765 4588 2878 4649 jun·

338 4653 345 4660 '
424 4654 572 4697 rema.
587 4651 711 4697 rsus.
735 4657 929 4701 absente
944 4656 1250 4716 magistratu,
1272 4654 1349 4701 cui
1370 4662 1475 4700 erat
1504 4653 1620 4701 Pro·
1683 4660 1842 4714 gatur,
1857 4651 1969 4700 etin'
1983 4666 2148 4703 arcum
2169 4657 2403 4700 curvetur.
2436 4650 2634 4711 Proprie
2649 4664 2880 4698 cacumen
