3059 5050
423 312 507 373 a
1203 302 1329 366 DE
1372 301 1678 366 BELLO
1723 298 2113 367 GALLICO

508 453 701 514 vitare
730 461 1041 534 poterant:
1086 460 1286 511 tamen
1324 462 1446 511 tam
1479 451 1680 512 mulfis
1709 448 2108 512 incommodis
2137 449 2485 528 conflictati,
2516 450 2714 515 multis
2744 453 2889 517 vul-

513 536 756 598 neribus
786 535 1066 618 acceptis,
1093 535 1482 596 resistebant:
1527 548 1588 596 et
1616 535 1843 617 magna
1871 551 2040 617 parte
2074 534 2191 596 diei
2218 535 2595 618 consumpta,
2626 560 2813 619 quum
2844 539 2889 601 ἰι

513 618 710 704 prim&
730 619 865 681 luce
893 619 971 680 ad
1011 620 1224 679 horam
1257 640 1397 680 vm.
1425 633 1815 702 pugnaretur,
1847 618 1993 680 nihil
2019 619 2183 700 quod
2211 618 2356 701 ipsis
2379 633 2531 682 esset
2558 621 2884 704 indignum

515 705 984 767 committebant.
1059 700 1226 764 Tum
1249 700 1333 764 T.
1359 701 1705 780 Balventio,
1737 705 1840 785 qui
1871 705 2175 787 superiore
2206 724 2368 764 anno
2396 705 2655 785 primum
2688 706 2882 789 pilum

440 794 479 853 8
519 789 791 863 duxerat,
861 787 995 849 viro
1053 787 1191 847 lbrti
1244 798 1304 847 et
1377 808 1624 868 magnoe
1684 788 2076 864 auctoritatiS,
2134 800 2451 869 utrumque
2507 790 2700 851 femur
2756 805 2884 853 tra-

519 871 665 955 gulfi
690 871 1072 953 transjicitur.
1174 871 1253 952 Q.
1287 869 1595 932 Lucanius
1625 872 1889 952 ejusdem
1937 871 2165 933 ordinis
2211 872 2528 934 fortissime
2577 895 2883 957 pugnam,

519 958 662 1019 dum
691 956 1102 1018 circumvento
1132 954 1258 1017 filio
1285 956 1578 1031 subvenit,
1604 957 1975 1018 interficitur.
2075 952 2152 1016 L.
2180 954 2366 1017 Cotta
2393 956 2646 1038 legatuS,
2673 980 2886 1021 omnes

519 1041 794 1104 cohorte-s
825 1040 1181 1122 ordinesque
1209 1041 1559 1116 adhortanS,
1589 1040 1651 1101 in
1683 1040 1997 1102 adversum
2036 1058 2104 1101 os
2132 1039 2321 1101 funda
2348 1039 2712 1105 vulneratur.

605 1122 918 1186 XXXVI.
979 1122 1094 1185 His
1125 1125 1302 1184 rebus
1332 1139 1636 1207 permotus
1685 1124 1765 1205 Q.
1796 1120 2089 1200 TituriuS,
2122 1145 2304 1206 quum
2334 1124 2546 1208 procul
2574 1126 2888 1188 Ambiori-

446 1214 659 1293 lssgem
689 1228 829 1271 suos
856 1209 1272 1271 cohortantem
1298 1210 1726 1291 conspexisset,
1757 1209 2135 1291 interpretem
2168 1229 2339 1269 suum
2366 1208 2486 1270 Cn.
2516 1208 2882 1294 Pompeium

523 1295 603 1358 ad
632 1314 766 1356 eum
797 1293 994 1369 mittit,
1044 1306 1345 1374 rogatum,
1394 1305 1460 1353 ut
1506 1293 1619 1354 sibi
1664 1292 2068 1374 militibusque
2097 1307 2325 1376 parcat.
2413 1292 2524 1356 Ille
2549 1295 2887 1377 appellatus

522 1378 860 1462 respondit:
913 1378 960 1439 si
986 1377 1129 1439 velit
1152 1398 1350 1438 secum
1381 1376 1667 1459 colloqui,
1692 1377 1909 1438 licere:
1964 1398 2204 1460 sperare
2235 1377 2272 1438 a
2294 1378 2670 1441 multitudine
2694 1379 2885 1463 impe·

522 1464 665 1526 trari
697 1483 891 1546 posse,
923 1461 1088 1545 quod
1119 1462 1198 1523 ad
1229 1462 1481 1522 militum
1512 1461 1761 1523 salutem
1794 1461 2123 1545 pertineat:
2180 1462 2294 1544 ipsi
2341 1462 2484 1523 vero
2535 1463 2687 1524 nihil
2717 1464 2887 1526 noci-

522 1562 650 1610 tum
680 1548 792 1609 iri:
859 1548 1039 1629 inque
1068 1567 1202 1608 eam
1231 1567 1357 1607 rem
1389 1567 1451 1607 se
1480 1566 1649 1607 suam
1681 1546 1859 1608 fidem
1890 1545 2287 1628 interponere.
2372 1544 2483 1609 Ille
2512 1567 2648 1613 cum
2699 1547 2889 1610 Cotti

445 1632 731 1696 15saucio
759 1630 1185 1707 communicat,
1218 1631 1264 1690 si
1284 1630 1580 1707 videatur,
1606 1630 1814 1713 pugna
1841 1641 1907 1691 ut
1930 1631 2243 1705 excedant,
2274 1643 2333 1692 et
2360 1652 2498 1693 cum
2530 1633 2888 1714 Ambiorige

523 1718 644 1779 una
673 1715 1133 1799 collaquantur:
1185 1735 1425 1798 sperare
1449 1735 1511 1775 se
1541 1717 1619 1775 ab
1644 1735 1717 1776 eo
1743 1714 1817 1775 de
1848 1713 1956 1775 suti.
1979 1736 2049 1776 ac
2080 1712 2334 1776 militum
2365 1715 2553 1777 salute
2577 1716 2885 1800 impetrari

523 1818 719 1885 posse.
808 1798 995 1862 Cotta
1025 1820 1087 1861 se
1116 1799 1195 1860 ad
1220 1813 1514 1860 armatum
1560 1800 1791 1860 hostem
1818 1799 2037 1860 iturum
2067 1811 2270 1880 negat,
2295 1812 2474 1881 atque
2498 1801 2561 1863 in
2584 1822 2656 1862 eo
2687 1822 2886 1884 perse·

523 1900 712 1948 verat.
785 1883 1070 1960 Sabinus,
1097 1904 1249 1965 quos
1278 1883 1340 1944 in
1369 1884 1693 1966 praesentia
1716 1883 1987 1944 tribunos
2016 1882 2140 1945 mil.
2171 1887 2395 1944 circum
2426 1905 2487 1947 se
2516 1885 2796 1961 habebat,
2826 1900 2885 1947 et

525 1972 857 2055 primorum
883 1968 1161 2030 ordinum
1186 1968 1583 2044 centuriones,
1610 1988 1672 2028 se
1701 1967 1865 2050 sequi
1879 1968 2083 2049 jubet:
2114 1968 2331 2029 etcum
2362 1970 2607 2052 propius
2630 1970 2884 2031 Ambio·

439 2054 718 2137 mrigem
772 2053 1132 2128 accessisset,
1166 2053 1372 2132 jussus
1421 2072 1592 2113 arma
1632 2051 1909 2132 abjicere,
1958 2052 2311 2135 imperatum
2360 2051 2522 2130 facit,
2554 2054 2791 2136 suisque
2820 2069 2885 2115 ut

527 2139 685 2201 idem
717 2137 962 2211 saciant,
997 2137 1270 2218 imperat.
1377 2134 1623 2196 Interim
1654 2134 1797 2198 dum
1828 2135 1903 2197 de
1933 2137 2376 2198 conditionibus
2406 2138 2556 2200 inter
2585 2159 2645 2199 se
2676 2153 2885 2220 agunt,

528 2222 888 2302 longiorque
916 2218 1193 2280 consulto
1219 2220 1297 2279 ab
1322 2218 1679 2300 Ambiorige
1701 2219 2027 2282 instituitur
2050 2242 2264 2298 sermo,
2290 2221 2598 2304 paullatim
2628 2223 2888 2285 circum-

525 2320 736 2366 ventus
766 2303 1136 2365 interficitur.
1222 2298 1389 2363 Tum
1420 2302 1565 2364 vero
1595 2324 1705 2364 suo
1734 2324 1901 2365 more
1929 2305 2244 2366 victoriam
2275 2305 2677 2384 conclamant,
2710 2321 2892 2389 atque

525 2388 820 2450 ululatum
849 2387 1084 2464 tollunt,
1116 2387 1461 2471 impetuque
1490 2387 1554 2448 in
1583 2400 1820 2449 nostros
1848 2387 2029 2466 fact0,
2073 2387 2311 2451 ordines
2340 2392 2710 2473 perturbant.
2792 2391 2890 2452 Ibi

445 2473 605 2538 2511.
637 2471 824 2536 Cotta
851 2491 1130 2556 pugnans
1161 2472 1533 2550 interficitur,
1557 2494 1695 2535 cum
1745 2473 2014 2536 maxima
2035 2486 2204 2573 parte
2233 2474 2527 2538 militum:
2582 2475 2799 2558 reliqui
2827 2497 2891 2538 se

526 2560 590 2622 in
617 2561 816 2621 castra
843 2557 1157 2640 recipiunt,
1183 2558 1340 2619 unde
1370 2570 1544 2619 erant
1571 2558 1824 2639 egressi:
1854 2578 1929 2620 ex
1963 2561 2177 2641 quibus
2208 2557 2283 2621 L.
2315 2558 2686 2622 Petrosidius
2717 2560 2889 2644 aqui-

525 2643 676 2720 lifer,
709 2663 892 2724 quum
926 2641 1152 2722 magna
1173 2641 1554 2704 multitudine
1583 2642 1841 2703 hostium
1865 2656 2249 2726 premeretur,
2280 2644 2543 2726 aquilam
2574 2645 2732 2707 intra
2761 2645 2890 2707 val-

527 2727 652 2790 lum
676 2726 948 2810 projecit,
979 2726 1106 2809 ipse
1135 2747 1248 2809 pro
1278 2727 1488 2787 castris
1513 2726 1833 2788 fortissime
1864 2749 2143 2809 pugnans
2173 2728 2484 2791 occiditur.
2569 2729 2693 2791 Alii
2720 2732 2890 2811 aegrc

529 2812 609 2874 ad
639 2824 875 2873 noctem
907 2810 1422 2893 oppugnationem
1452 2810 1777 2872 sustinent:
1836 2825 2018 2873 noctu
2065 2813 2143 2874 ad
2186 2833 2369 2874 unum
2414 2834 2639 2890 omnes,
2679 2815 2891 2898 despe-

448 2896 663 2961 soma
690 2895 899 2971 salute,
931 2915 994 2956 se
1021 2895 1135 2978 ipsi
1166 2895 1546 2958 interficiunt.
1632 2893 1827 2958 Pauci
1858 2917 1934 2958 ex
1965 2896 2182 2981 proelio
2211 2896 2417 2981 elapsi,
2448 2898 2686 2960 incertis
2716 2899 2891 2960 itine-

531 2982 696 3043 ribus
718 3001 825 3064 per
854 2979 1032 3041 silvas
1062 2979 1141 3041 ad
1169 2977 1232 3040 T
1281 2978 1620 3042 Labienum
1652 2978 1920 3062 legatum
1946 2979 2009 3042 in
2038 2981 2286 3044 hiberna
2309 2982 2683 3065 perveniunt,
2710 2998 2895 3064 atque

528 3085 666 3128 eum
695 3066 772 3127 de
811 3066 986 3126 rebus
1123 3064 1197 3126 tis
1227 3065 1539 3127 certiorem
1571 3063 1816 3128 faciunt.

608 3146 953 3213 XXXVII.
1053 3148 1123 3211 fiac
1151 3149 1408 3210 victoria
1447 3149 1719 3211 sublatus
1747 3147 2090 3228 Ambiorix,
2122 3151 2319 3212 statim
2368 3172 2504 3212 cum
2535 3151 2800 3234 equitatu
2825 3152 2893 3214 in

527 3235 864 3311 Atuaticos,
913 3235 1017 3316 qui
1063 3237 1236 3296 erant
1285 3235 1411 3314 ejus
1462 3253 1653 3314 regno
1706 3231 1961 3310 finitimi,
2001 3235 2438 3318 proficiscitur:
2492 3257 2685 3317 neque
2731 3237 2893 3298 diem

447 3321 723 3400 35neque
752 3329 990 3380 noctem
1021 3317 1382 3399 intermittit3
1413 3317 1863 3401 peditatumque
1887 3337 1949 3379 se
1973 3319 2250 3401 subsequi
2268 3320 2462 3400 jubet.
2521 3319 2620 3382 Re
2644 3322 2895 3383 demon·

532 3402 736 3478 strata,
766 3401 1182 3484 Atuaticisque
1203 3401 1541 3478 concitatis,
1572 3417 1815 3485 postero
1844 3401 1943 3464 die
1972 3402 2033 3465 in
2070 3400 2331 3465 Nervios
2372 3404 2662 3487 pervenit,
2689 3397 2896 3468 horta-

529 3497 764 3567 turque,
793 3503 871 3547 ne
900 3484 992 3547 sni
1022 3485 1082 3546 in
1112 3499 1462 3568 perpetuum
1492 3485 1807 3562 liberandi,
1857 3499 2035 3570 atque
2082 3487 2407 3550 ulciscendi
2432 3487 2749 3551 Romanos
2778 3511 2893 3572 pro

531 3570 604 3631 iis
647 3589 802 3651 quas
854 3570 1197 3653 acceperint
1241 3569 1492 3652 injuriis,
1547 3571 1926 3633 occasionem
1976 3571 2304 3636 dimittant:
2370 3573 2710 3635 interfectos
2762 3595 2893 3635 esse

531 3655 766 3737 legatos
789 3654 961 3730 duos,
991 3673 1396 3737 magnamque
1424 3667 1655 3739 par-tem
1687 3655 1985 3719 exercitiis
2008 3656 2276 3719 interisse
2295 3658 2700 3720 demonstrat:
2744 3658 2895 3721 nihil

448 3741 659 3805 40esse
711 3738 958 3819 negotii,
1006 3737 1202 3799 subito
1234 3759 1583 3823 oppressam
1624 3737 1944 3821 legionem,
1976 3762 2115 3823 quoe
2153 3761 2291 3803 cum
2321 3739 2623 3804 Cicerone
2652 3741 2894 3818 hiemet,

532 3821 816 3886 interfici:
861 3842 924 3884 se
952 3822 1029 3884 ad
1059 3841 1194 3884 eam
1224 3842 1349 3884 rem
1378 3821 1692 3907 profitetur
1720 3823 2074 3906 adjutorem.

613 3901 987 3970 XXXVIII.
1036 3903 1249 3968 Facile
1281 3906 1393 3969 hac
1424 3907 1695 3980 oratione
1723 3905 1965 3970 Nerviis
1988 3909 2329 4009 persuadet.
2416 3907 2511 3972 Ita
2660 3910 2896 3974 conses-

530 3991 637 4054 tim
689 3990 947 4054 dimissis
994 3990 1214 4052 nuntiis
1266 3992 1343 4053 ad
1397 3989 1754 4069 Ceutrones,
1814 3987 2099 4072 Grudms,
2154 3989 2450 4073 Levacos,
2571 3997 2892 4071 eumosios,

537 4119 585 4166 4.
617 4114 832 4166 mum
856 4115 1013 4179 pilum
1042 4114 1280 4178 duxerat]
1311 4116 1498 4165 Primus
1533 4132 1643 4165 ceu·
1704 4118 1946 4176 describit,
1986 4127 2089 4165 tum
2124 4116 2377 4178 precipue,
2412 4118 2494 4165 lib.
2535 4133 2581 4164 v.
2609 4117 2743 4166 aaut·
2778 4118 2895 4166 ‘naeu'

446 4181 571 4227 turio
589 4181 763 4226 fiuant.
1704 4185 1859 4236 omniu,
1895 4177 2258 4242 clamoribusque
2292 4178 2446 4236 variis,
2467 4179 2696 4228 Ιιοπιηάυ
2732 4185 2896 4228 cunda

514 4244 585 4289 ιο.
629 4233 858 4289 Minos
878 4238 1002 4300 nl]
1035 4239 1276 4286 Tflb-m·
1309 4240 1496 4287 otha-'tt
1523 4253 1646 4300 pr·-
1707 4241 2043 4303 mltum
2071 4253 2198 4290 m.

448 4311 580 4408 πῶς
615 4310 822 4383 quotque
853 4309 993 4348 erant
1015 4301 1257 4358 cohortes,
1291 4308 1364 4348 tot
1393 4311 1533 4349 erant
1564 4302 1645 4349 tri-
1767 4304 1844 4349 26.
1865 4302 2136 4410 amen]
2179 4303 2268 4355 Qui
2291 4303 2894 4411 aurefflxaquiloemssimula-

448 4398 938 4528 xistum]
946 4423 1061 4533 ‘gg
1094 4425 1490 4534 ΜΗἫ
1524 4439 1643 4472 voce
1702 4375 1926 4532 {Q
1966 4363 2472 4486 ὤωεαωυξῗεῗῇιφιε
2507 4378 2589 4473 ulula²¹
2605 4368 2898 4487 :retusum

447 4541 673 4647 augo-m·
628 4518 640 4529 '
689 4484 968 4603 ,νικῆσαί-ι
1074 4499 1182 4534 ⁶⁸⁶⁸
1201 4485 1315 4547 ’ω’
1749 4486 2126 4603 ffiffiim,
2149 4548 2365 4606 aradios,
2386 4547 2493 4610 tua]
2529 4548 2596 4596 m
2617 4564 2789 4597 omne-
2810 4563 2895 4610 po-

450 4662 492 4710 Τ
548 4602 1088 4712 imm]
1125 4608 1248 4655 σὺ·
1269 4608 1430 4656 nuli·
1449 4610 1500 4654 in
1522 4609 1647 4681 lod·
1702 4609 1801 4682 puli
1814 4608 2272 4718 totigisniegnorantur,
2312 4611 2896 4721 unmexgtliquaffimsig:
