3059 5050
382 282 508 346 224

1211 275 1336 340 DE
1385 275 1688 341 BELLO
1731 276 2008 341 CIVILI

470 449 551 493 ex
577 447 651 489 eo
681 445 930 489 numero
955 424 1197 486 navium
1230 426 1397 488 nulla
1426 427 1767 488 desiderata
1789 439 1914 487 est:
1960 446 2037 486 ex
2061 420 2525 485 Massiliensium
2551 420 2746 484 classe
2779 442 2840 484 v.

471 528 610 576 sunt
632 513 951 596 depressae,
981 532 1063 572 tv.
1091 523 1309 593 captae,
1337 534 1382 573 1.
1414 532 1553 572 cum
1584 510 1937 573 Nasidianis
1968 509 2274 593 profugit:
2321 529 2460 589 quae
2503 528 2713 568 omnes
2755 508 2841 569 ci-

463 599 752 661 'teriorem
779 595 1139 680 Hispaniam
1172 597 1523 678 petiverunt.

473 682 639 759 liam,
670 683 846 764 hujus
876 681 1066 742 nuntii

1612 597 1697 657 At
1732 618 1810 657 ex
1853 595 2094 676 reliquis
2123 615 2247 655 una
2274 593 2587 676 praemissa
2616 590 2844 653 Massi-

1190 681 1443 743 rferendi
1477 682 1695 761 gratia,
1750 702 1931 762 quum
1974 681 2108 761 jam
2140 678 2655 761 appropinquaret
2684 677 2838 753 urbi,

392 772 432 832 5
477 768 671 830 omnis
700 789 826 829 sese
857 766 1089 828 multitu
1137 787 1175 827 o
1194 768 1273 828 ad
1305 766 1794 848 cognoscendum
1834 764 2077 826 effudit:
2124 785 2217 838 ac,
2250 784 2314 823 re
2343 762 2607 844 cognita,
2638 776 2839 822 tantus

476 852 670 916 luctus
699 852 956 935 excepit,
1011 864 1075 912 ut
1126 851 1266 912 urbs
1319 853 1398 913 ab
1453 851 1721 913 hostibus
1769 863 1949 933 capta
1990 850 2200 910 eodem
2233 848 2486 927 vestigio
2514 847 2836 908 videretur.

474 936 880 1000 Massilienses
909 952 1108 998 tamen
1138 936 1327 998 nihilo
1352 937 1593 1019 sequius
1622 937 1701 997 ad
1730 934 2136 997 defensionem
2179 933 2344 994 urbis
2373 932 2601 1014 reliqua
2649 953 2841 1015 appa-

481 1043 615 1084 rare
643 1036 974 1105 coeperunt.

563 1104 741 1169 V111.
789 1105 902 1169 Est
926 1106 1408 1169 animadversum
1443 1108 1520 1169 ab
1551 1098 1923 1187 legionariis,
1948 1105 2051 1187 qui
2082 1103 2387 1165 dexteram
2418 1119 2650 1186 partem
2701 1124 2843 1186 ope-

401 1192 560 1255 10ris
592 1192 1113 1268 administrabant,
1143 1213 1220 1254 ex
1252 1194 1475 1254 crebris
1506 1191 1767 1253 hostium
1809 1189 2241 1273 eruptionibuS,
2276 1209 2503 1268 magno
2551 1189 2667 1250 sibi
2718 1209 2842 1248 esse

478 1278 765 1362 praesidio
794 1298 989 1360 posse,
1021 1278 1070 1338 si
1090 1298 1203 1359 pro
1227 1277 1475 1339 castello
1506 1298 1579 1337 ac
1606 1275 2008 1359 receptaculo,
2030 1274 2237 1335 turrim
2263 1294 2339 1335 ex
2360 1272 2548 1334 latere
2573 1275 2688 1333 sub
2713 1293 2841 1332 mu-

480 1384 550 1425 ro
581 1362 891 1441 fecissent3
938 1383 1115 1443 quarn
1150 1362 1367 1445 primo,
1423 1363 1502 1423 ad
1553 1361 1896 1445 repentinos
1926 1362 2219 1433 incursuS,
2253 1358 2535 1420 humilem
2566 1379 2842 1441 parvam-

480 1470 596 1530 que
625 1446 908 1510 fecerant.
997 1446 1137 1509 Huc
1170 1469 1232 1508 se
1261 1447 1634 1509 referebant:
1682 1446 1842 1521 hinc,
1875 1446 2046 1527 siqua
2078 1446 2270 1525 major
2322 1458 2703 1526 oppresserat
2736 1443 2840 1518 vis,

481 1534 992 1618 propugnabant:
1039 1532 1199 1608 hinc,
1246 1533 1324 1593 ad
1367 1531 1776 1615 repellendum
1807 1543 1867 1590 et
1895 1529 2376 1613 prosequendum
2408 1528 2662 1605 hostem,
2706 1550 2845 1610 pro-

403 1619 822 1681 l5currebant.
909 1616 1171 1679 Patebat
1200 1617 1332 1679 haec
1365 1616 1817 1699 quoquoversus
1848 1616 2029 1698 pedes
2060 1635 2200 1676 xxx.
2233 1614 2333 1675 sed
2366 1613 2653 1696 parietum
2682 1634 2843 1673 cras-

482 1704 680 1766 situdo

709 1704 892 1787 pedes
919 1725 977 1776 γ.
1064 1701 1287 1764 Postea
1319 1702 1483 1777 vero,
1519 1701 1614 1786 (ut
1663 1714 1751 1762 est
1796 1720 1994 1762 rerum
2031 1700 2303 1761 omnium
2346 1699 2636 1779 magister
2686 1719 2841 1797 ιιειιεΞ

483 1789 795 1851 hominum
827 1787 1098 1850 adhibita
1143 1786 1409 1871 solertia)
1445 1788 1752 1848 inventum
1782 1799 1891 1862 est,
1923 1806 2148 1865 magno
2194 1806 2322 1847 esse
2374 1784 2507 1845 usui
2558 1804 2751 1865 posse,
2798 1804 2846 1844 si

481 1873 618 1937 haec
643 1888 795 1936 esset
823 1874 886 1936 in
912 1872 1284 1935 altitudinem
1312 1872 1490 1934 turris
1514 1871 1693 1933 elata.

1782 1871 1854 1933 Id
1887 1871 1999 1931 hac
2028 1870 2258 1931 ratione
2281 1868 2609 1952 perfectum
2637 1882 2745 1930 est.

566 1957 682 2021 IX.
726 1956 855 2021 Ubi
886 1959 1065 2021 turris
1096 1958 1348 2020 altitudo
1380 1958 1673 2041 perducta
1702 1971 1792 2018 est
1844 1956 1922 2018 ad
1976 1955 2565 2031 contabulationem:
2607 1975 2742 2016 eam
2788 1954 2847 2015 in

399 2046 742 2128 20parietes
773 2044 1182 2105 instruxerunt
1229 2044 1331 2120 ita,
1373 2058 1437 2104 ut
1465 2043 1669 2126 capita
1700 2043 2003 2122 tignorum
2035 2040 2308 2101 extrema
2336 2041 2631 2122 parietum
2664 2053 2849 2099 struc-

483 2129 619 2192 tura
677 2142 1036 2209 tegerentur,
1093 2149 1168 2189 ne
1198 2128 1340 2209 quid
1372 2127 1678 2203 emineret,
1730 2128 1832 2188 ubi
1886 2127 2046 2207 ignis
2101 2125 2358 2186 hostium
2413 2125 2849 2186 inliaeresceret.

483 2212 665 2275 Hanc
696 2213 939 2296 insuper
968 2212 1504 2292 contignationem,
1561 2226 1848 2294 quantum
1898 2224 2117 2272 tectum
2172 2209 2359 2294 plutei
2413 2230 2484 2270 ac
2539 2209 2848 2271 vinearum

482 2317 725 2382 passum
752 2310 859 2373 est,
903 2296 1194 2359 laterculo
1226 2298 1689 2360 adstruxerunt:
1734 2316 2036 2380 supraque
2087 2316 2223 2356 eum
2280 2296 2480 2357 locum
2528 2294 2656 2355 duo
2683 2294 2853 2375 tigna

484 2396 827 2444 transversa
880 2382 1231 2465 injecerunt,
1287 2403 1408 2443 non
1463 2381 1650 2463 longe
1682 2383 1761 2444 ab
1790 2382 2073 2444 extremis
2102 2380 2448 2465 parietibuS,
2480 2380 2699 2462 quibus
2729 2400 2853 2440 sus-

402 2468 815 2552 25penderent
842 2490 976 2530 eam
1008 2468 1549 2548 contignationem,
1580 2490 1718 2550 quae
1743 2467 1892 2530 turri
1916 2478 2265 2549 tegumento
2295 2478 2449 2527 esset
2470 2464 2673 2527 sutura
2698 2486 2714 2526 :
2760 2486 2854 2526 su·

484 2575 716 2638 praque
743 2576 818 2615 ea
841 2553 1012 2634 tigna
1042 2552 1271 2616 directo
1305 2567 1673 2615 transversas
1726 2555 1927 2615 trabes
1981 2553 2333 2633 injecerunt,
2386 2572 2610 2634 easque
2640 2550 2856 2613 axibus

486 2637 911 2718 religaverunt.
1000 2637 1133 2700 Has
1163 2640 1362 2699 trabes
1392 2637 1601 2720 paullo
1618 2632 1942 2718 ‘longiores
1973 2651 2153 2720 atque
2198 2637 2642 2713 eminentiores,
2673 2636 2852 2718 quam

486 2722 740 2785 extremi
767 2722 1019 2806 parietes
1048 2736 1239 2798 eraut,
1271 2722 1632 2801 effecerunt3

1678 2736 1744 2784 ut
1772 2738 1942 2799 esset,
1970 2723 2072 2784 ubi
2097 2735 2444 2804 tegumenta
2464 2722 2857 2805 praependere

486 2821 749 2892 possent,
805 2808 883 2870 ad
926 2807 1334 2871 defendendos
1366 2808 1516 2868 ictus
1548 2828 1621 2868 ac
1653 2807 2050 2891 repellendos,
2081 2809 2225 2869 dum
2251 2808 2405 2869 inter
2456 2828 2589 2870 eam
2621 2806 2857 2888 contig-

406 2893 794 2956 3011ationem
849 2893 1103 2976 parietes
1147 2906 1629 2955 exstruerentur:

1676 2913 1929 2974 eamque
1977 2892 2531 2955 contabulationem
2561 2912 2855 2954 summam

487 2979 771 3042 lateribus
801 2979 1047 3061 lutoque
1071 2991 1547 3055 constraverunt,
1581 3000 1655 3040 ne
1697 2978 1843 3061 quid
1886 2978 2044 3059 ignis
2076 2977 2331 3039 hostium
2368 2998 2588 3040 nocere
2617 2991 2816 3061 poaeet
2835 2997 2855 3036 :

490 3078 892 3148 centonesque
941 3065 1183 3148 insuper
1234 3064 1602 3147 injecerunt3
1647 3085 1722 3125 ne
1769 3077 1874 3125 aut
1919 3062 2038 3125 tela
2077 3063 2386 3125 tormentis
2417 3063 2599 3124 missa
2626 3060 2858 3124 tabula·

489 3149 714 3214 tionem
767 3150 1224 3235 perfringerent,
1279 3162 1384 3212 aut
1435 3171 1585 3212 saxa
1614 3170 1691 3211 ex
1739 3147 2057 3231 catapultis
2110 3147 2429 3210 lateritium
2477 3147 2856 3209 discuterent.

472 3319 543 3364 16.
580 3317 638 3364 Ut
675 3322 738 3364 est
780 3332 934 3365 rerum
975 3318 1185 3365 omnium
1220 3315 1437 3379 snagins:-
1457 3318 1601 3379 usus]

407 3379 487 3426 Sic
511 3378 692 3425 Plinius
713 3380 794 3425 lib.
818 3394 983 3427 xxxvi.
1005 3394 1112 3439 cap.
1135 3381 1181 3425 2.
1223 3389 1363 3426 vocat
1375 3394 1510 3426 usum
1535 3381 1602 3426 es·

409 3440 746 3487 flcacissimum
769 3455 927 3487 rerum
949 3442 1160 3488 omnium
1183 3442 1530 3502 magistratum.

469 3503 547 3548 22.
578 3502 816 3560 thmttm
830 3507 990 3550 tectum
1012 3503 1161 3566 plutei
1175 3517 1230 3551 ac
1243 3504 1486 3551 tinearum
1500 3518 1607 3567 pas-

404 3575 506 3612 mm
538 3565 636 3624 est]
672 3563 945 3611 Pluteorum
989 3574 1035 3611 et
1078 3566 1323 3612 vinearum
1362 3581 1473 3613 usus
1512 3565 1609 3614 fere

405 3627 552 3684 idem,
589 3627 789 3673 materia
826 3629 1011 3682 eadem,
1034 3629 1191 3675 forma
1222 3628 1426 3686 diversa,
1462 3643 1608 3687 quam

407 3704 507 3737 uon
525 3690 638 3735 satis
663 3697 853 3736 autores
884 3690 1172 3747 describunt,
1196 3707 1253 3738 eo
1282 3691 1463 3738 scilicet
1488 3702 1606 3737 tem-

405 3765 526 3810 pore
546 3766 641 3810 quo
663 3760 768 3797 erat
788 3751 999 3798 omnium
1038 3753 1186 3799 oculis
1208 3754 1441 3811 exposita.
1505 3752 1606 3800 imo

406 3829 498 3860 nec
517 3815 681 3860 Caesar
703 3814 791 3859 nisi
815 3814 986 3870 obiter,
1001 3823 1052 3862 ut
1072 3817 1312 3862 describat
1329 3832 1425 3875 quo
1446 3817 1606 3873 prmi-

406 3878 486 3923 dio
508 3877 705 3923 insueta
721 3878 935 3935 quisdam
953 3887 1002 3923 et
1030 3875 1058 3924 a
1091 3891 1142 3923 se
1165 3879 1482 3938 militibusque
1504 3878 1603 3925 suis

412 3939 613 3986 iuventte
656 3937 887 3985 machine
931 3940 1106 3985 suerint
1142 3939 1243 3986 tuto
1284 3942 1601 3988 exaedfficatae.

407 4001 651 4063 Vegetius,
688 4001 769 4058 qui
805 4016 888 4047 eas
911 4002 1174 4059 machinas,
1211 4003 1374 4050 vineas
1411 4005 1519 4050 dico
1557 4011 1605 4050 et

407 4065 612 4123 pluteos,
633 4063 819 4110 videtur
835 4066 950 4111 data
970 4078 1136 4122 opera,
1156 4075 1205 4111 et
1225 4081 1285 4112 ex
1303 4068 1535 4124 professo,
1557 4074 1610 4111 ut

407 4127 560 4184 aiunt,
581 4125 918 4185 descripsisse;
949 4127 1017 4173 sic
1041 4137 1200 4173 tamen
1226 4127 1271 4173 id
1294 4129 1411 4188 agit,
1428 4138 1478 4175 ut
1492 4142 1608 4186 quo·

411 4192 554 4236 modo
592 4189 717 4235 inter
738 4203 789 4234 se
810 4188 1030 4236 differant
1066 4188 1204 4237 valde
1236 4191 1428 4236 dubium
1468 4190 1609 4236 relin-

408 4261 541 4311 quat,
572 4266 661 4298 uec
685 4251 813 4299 aliud
839 4251 1058 4298 videatur
1078 4252 1348 4312 diversum·
1370 4253 1461 4299 nisi
1482 4250 1609 4312 quud

409 4311 458 4359 in
481 4314 836 4360 similitudinem
858 4313 1037 4361 absidis
1069 4313 1344 4361 efformatus
1376 4314 1438 4360 sit
1459 4316 1610 4375 plute-

409 4387 480 4430 us,
503 4376 592 4420 hoc
614 4386 687 4421 est
702 4377 913 4433 fornicis,
935 4391 1018 4423 seu
1041 4376 1342 4434 semicirculi,
1358 4376 1600 4436 ternisque

408 4436 574 4482 rotulis
600 4438 978 4500 circumagatur:
1010 4453 1210 4498 quarum
1233 4454 1330 4485 una
1351 4439 1400 4486 in
1423 4440 1599 4497 medio,

407 4498 512 4543 duae
534 4497 579 4543 in
603 4500 854 4557 capitibus,
878 4500 924 4546 id
946 4510 1036 4558 est,
1073 4501 1121 4549 in
1144 4502 1258 4559 ipsis
1290 4502 1600 4548 extremitati·

408 4559 496 4605 bus
518 4569 860 4616 supponuntur,
881 4562 988 4610 cum
1023 4565 1073 4610 in
1093 4565 1241 4610 vineoe
1263 4564 1601 4623 descriptione,

408 4633 498 4664 nec
521 4625 745 4672 rotarum,
767 4636 855 4668 nec
870 4625 1064 4671 absidiis
1079 4627 1109 4671 fi
1177 4641 1241 4671 rae
1260 4627 1356 4672 ulla
1369 4627 1454 4671 fiat
1469 4640 1603 4673 men·

409 4679 490 4731 ¹5⁰·
555 4677 645 4726 Alii
667 4688 856 4728 autores
875 4698 965 4741 pro
993 4687 1114 4732 crati
1149 4702 1203 4733 us
1237 4697 1486 4746 usurpant,
1518 4687 1602 4736 alii

1668 3317 1965 3378 distinguunt
1997 3318 2182 3376 pluteos
2214 3315 2242 3365 ὸ
2273 3318 2498 3366 cratibus.
2562 3317 2859 3364 constabant

1665 3378 1793 3426 certe
1814 3396 1873 3427 ex
1907 3381 2138 3436 cratibus,
2177 3381 2259 3426 sed
2283 3389 2332 3428 et
2352 3396 2413 3427 ex
2435 3380 2622 3428 tabulis.
2688 3379 2858 3426 Verum

1672 3444 1799 3500 apud
1814 3440 2066 3490 'inferioris
2100 3443 2184 3489 avi
2217 3444 2473 3502 scriptores
2506 3442 2642 3489 veria
2678 3457 2861 3502 quoqne

1672 3505 1859 3552 videtur
1889 3507 2045 3552 forma
2074 3505 2358 3564 pluteorum,
2394 3519 2514 3564 quos
2548 3504 2756 3552 tentoria
2784 3519 2860 3551 vo·

1671 3577 1799 3614 cant.
1861 3568 2059 3614 Videtur
2078 3577 2237 3614 atatem
2254 3568 2582 3623 tentoriorum,
2597 3569 2757 3613 forma
2770 3581 2862 3613 non

1671 3644 1775 3676 esse
1797 3631 2176 3687 semicircularis,
2212 3639 2296 3677 aut
2317 3631 2531 3677 absidem
2556 3631 2758 3686 referte,
2776 3631 2865 3676 hoc

1668 3700 1757 3749 est,
1779 3701 1895 3738 rota:
1916 3693 2157 3739 circulum.
2223 3691 2302 3739 Sic
2342 3693 2560 3752 depinxit
2592 3701 2643 3738 et
2676 3691 2863 3739 vineam

1667 3764 1715 3800 et
1737 3754 1945 3812 pluteum
1969 3756 2171 3814 Lipsius.

1729 3819 1806 3864 32.
1845 3817 2017 3864 Centau
2154 3818 2187 3879 .]
2223 3817 2464 3865 Centones
2496 3825 2607 3864 sunt
2643 3815 2867 3864 crassiori

1665 3879 1877 3940 stragula
1894 3880 2015 3926 villis
2032 3881 2209 3938 passim
2225 3880 2738 3940 pendentibus,quibus
2751 3893 2865 3938 pau-

1672 3955 1838 4000 perum
1861 3943 1972 3989 lecti
1993 3945 2338 3990 sternebantur.

1727 4006 1804 4050 33.
1836 4004 1931 4051 ,θυι
1956 4019 2074 4051 saxa
2096 4019 2154 4052 ex
2180 4004 2428 4067 adaptatis
2447 4004 2698 4052 lateritium
2721 4003 2867 4051 dim-

1670 4066 1851 4127 isi-enh]
1887 4067 2153 4126 Catapultoe
2177 4068 2330 4114 nervis
2368 4069 2783 4127 intorquebantur,
2812 4076 2869 4113 ut

1671 4127 1849 4186 passim
1880 4132 2008 4187 apud
2032 4130 2280 4190 vegetium
2315 4138 2363 4177 et
2399 4131 2529 4189 apud
2565 4130 2684 4177 alios
2718 4130 2871 4187 scrip-

1671 4198 1800 4237 tores
1838 4192 2024 4251 legitur.
2100 4193 2232 4240 Saxa
2261 4193 2453 4252 quidem
2485 4193 2783 4248 emittebant,
2816 4199 2871 4237 ut

1672 4252 1749 4299 hic
1781 4252 1981 4310 videtur,
2011 4263 2058 4301 et
2080 4257 2207 4315 apud
2230 4254 2471 4302 Valerium
2494 4255 2763 4303 Maximum
2785 4254 2870 4301 lib.

1675 4329 1708 4362 1.
1753 4318 1881 4373 apud
1930 4317 2213 4364 Ciceronem
2257 4317 2336 4364 lib.
2386 4332 2440 4365 ιι.
2485 4317 2871 4364 Tusculanarum

1663 4378 1837 4430 Quest-
1877 4387 1927 4425 et
1968 4379 2178 4426 Nonium
2222 4380 2544 4436 Marcellum3
2585 4393 2871 4438 quanquam

1663 4441 1790 4497 apem
1805 4438 2071 4486 Vitruvium
2087 4441 2286 4502 sagittas
2304 4443 2488 4490 soleant
2511 4441 2704 4502 ejicere.
2739 4440 2874 4486 Aris-

1663 4502 1884 4560 tophanis
1896 4503 2180 4549 Scholiastes
2191 4505 2250 4550 de
2268 4505 2323 4551 iis
2340 4505 2406 4551 sic
2423 4505 2589 4550 habet:
2619 4502 2873 4550 κατετίλ-

1665 4582 1742 4615 rm
1766 4560 1896 4614 sn&
1909 4568 2115 4627 μηχανῆς
2138 4566 2212 4625 ι’φ“
2228 4565 2279 4619 εἷς
2296 4567 2481 4614 inbre-aa
2509 4568 2587 4612 ιιιὶ
2619 4567 2755 4613 ἅλλα
2771 4566 2878 4613 τινὰ

1664 4627 1887 4686 ripa-sea.
1958 4629 2204 4689 Catapulta
2218 4644 2367 4701 genus
2381 4629 2622 4684 mathitae,
2638 4628 2664 4676 ὲ
2681 4629 2876 4692 quuju-

1664 4689 2385 4752 eucaddiaqmdammztm.
2446 4689 2877 4740 Funambuli-ta
