3059 5050
1250 468 1332 534 Δ.
1380 464 1678 534 HIRTII

422 581 2496 793 COMMENTARIORUM

904 912 1033 979 DE
1075 914 1386 980 BELLO
1429 912 2012 984 HISPANIENSI

1083 1101 1786 1206 LIBER.

961 1532 1621 1600 ARGUMENTUM
1667 1533 1940 1602 LIBRI.

211 1747 315 1813 De
344 1744 524 1835 hujus
547 1745 693 1811 libri
715 1756 924 1812 autore
953 1748 1129 1812 valde
1155 1747 1487 1827 dubitatur,
1511 1771 1620 1813 nec
1641 1749 1770 1816 sine
1799 1748 2034 1813 caussa.
2131 1747 2334 1835 Quam
2377 1771 2517 1815 uam
2540 1749 2696 1814 enim

303 1832 630 1898 Suetonius
652 1833 718 1897 in
760 1832 1021 1897 Goesaris
1052 1835 1199 1913 vitai,
1231 1833 1564 1899 Librorum
1593 1858 1698 1898 seu
1737 1834 2316 1900 Commentariorum
2336 1772 2477 1899 belli
2503 1834 2694 1899 Alea·-

299 1918 571 1998 andrini‚
601 1918 942 2018 Africique,
988 1931 1047 1983 et
1099 1918 1536 2005 Hispaniensis
1589 1919 1876 1985 incertum
1923 1933 2340 1985 autorem.esse
2366 1919 2487 1985 scri
2528 1921 2690 1999 serit,

298 2027 473 2091 quem
504 2004 618 2068 alii
655 2003 757 2091 Op
826 2028 945 2083 um,
970 2005 1086 2069 alii
1117 1999 1397 2069 Hirtium
1414 2017 1656 2091 putent,
1689 2016 1885 2070 tamen
1939 2016 2060 2069 tam
2108 2005 2348 2070 diversa
2398 2016 2450 2070 st
2515 2006 2540 2068 i
2591 2028 2692 2069 ra-

297 2090 384 2153 tio
415 2101 501 2153 est
527 2089 706 2189 liujus
759 2088 882 2153 ibri
909 2090 947 2154 ὰ
975 2090 1407 2176 superioribus,
1439 2091 1548 2176 qui
1576 2092 1649 2154 de
1673 2090 1827 2155 bello
1871 2090 2318 2170 Alexandrino,
2361 2091 2425 2155 A
2454 2091 2693 2176 ricoque

296 2177 619 2262 conscripti
649 2187 806 2254 sunt,
837 2186 905 2239 ut
933 2176 1008 2240 ab
1038 2200 1160 2241 uno
1192 2176 1509 2263 eodemque
1540 2176 1777 2240 bomine
1819 2177 2077 2264 scriptos
2123 2199 2242 2240 esse
2288 2199 2384 2240 cre
2430 2200 2525 2240 ere
2568 2200 2692 2240 non

290 2260 491 2325 liceat.
590 2260 665 2325 V
655 2262 836 2348 ioeque
870 2261 1034 2347 fides
1089 2262 1166 2325 sit
1195 2262 1491 2326 hominem
1519 2262 1866 2327 Romanum
1919 2275 2038 2327 tam
2071 2261 2226 2326 male
2244 2263 2515 2347 potuisse
2543 2261 2692 2326 scri-

290 2346 448 2411 bere.
533 2346 675 2411 Nec
705 2348 859 2410 enim
879 2360 1132 2433 putetur
1156 2360 1335 2412 autor
1369 2347 1632 2435 Oppius,
1658 2349 1829 2435 cujus
1854 2349 2023 2435 apud
2055 2347 2403 2412 Ciceronem
2427 2346 2693 2433 epistola

290 2442 499 2496 extant
527 2432 765 2518 aliquot
787 2433 946 2497 nihil
972 2434 1128 2498 ham:
1152 2433 1488 2499 barbariem
1519 2434 1870 2513 redolentes,
1899 2433 2218 2533 potiusque
2240 2433 2556 2497 existimem
2577 2455 2692 2533 pe·

294 2517 605 2604 regrinum
635 2518 896 2606 aliquem
927 2520 1347 2597 centurionem,
1403 2532 1512 2584 aut
1559 2518 1859 2585 tribunum
1901 2519 2394 2585 Gcesarianarum
2419 2531 2691 2604 partium

293 2628 425 2667 eum
436 2603 633 2689 fuisse
652 2616 1034 2669 commentum
1062 2609 1234 2692 (nam
1256 2606 1467 2671 Caesar
1490 2607 1564 2670 de
1588 2606 1860 2671 omnihus
1876 2605 2159 2692 gentibue
2184 2603 2454 2670 collectos
2473 2606 2687 2669 milites

291 2689 560 2774 habuit.)
651 2690 777 2754 Sed
801 2691 858 2754 si
886 2692 1240 2778 conjectura:
1271 2692 1637 2779 relinquitur
1665 2693 1851 2771 locus,
1883 2716 1956 2756 ne
2111 2690 2468 2769 Germanus,
2501 2714 2690 2778 neque

303 2774 548 2854 Gallus,
597 2776 705 2840 sed
733 2789 840 2841 aut
874 2776 1090 2863 Syrus,
1127 2790 1237 2841 aut
1263 2778 1326 2841 A
1355 2802 1440 2858 er,
1473 2790 1581 2842 aut
1609 2778 1682 2843 de
1705 2789 1888 2865 gente
1919 2714 2130 2863 “aava
2161 2775 2555 2840 orientalibus
2585 2798 2688 2840 ac-

290 2861 606 2940 censenda,
633 2862 803 2948 cujus
831 2863 1122 2928 dialectus
1149 2876 1257 2927 aut
1335 2864 1568 2950 yriaca,
1599 2876 1706 2929 aut
1730 2864 2000 2949 Syriaca·
2013 2862 2308 2961 finitima.
2378 2862 2688 2925 Prcrterea

290 2947 655 3096 ztffnatias,
667 2948 885 3034 ubique
912 2948 1329 3034 deformis,nec
1354 2950 1515 3014 ullus
1542 2961 1624 3012 est
1644 2949 1796 3013 liber
1819 2948 2246 3024 cicatricosior,
2269 2947 2690 3094 ᾳυιῖμῗὶρῖιινα

397 3055 544 3097 nera
589 3033 628 3097 ὰ
695 3045 981 3097 vetustate
1047 3035 1361 3121 acceperit,
1416 3045 1483 3099 ut
1539 3034 1698 3099 nibil
1754 3034 1935 3097 mirer
1993 3033 2156 3120 quod
2211 3032 2251 3095 ὰ
2299 3031 2360 3094 G'-
2386 3053 2466 3094 an
2512 3032 2686 3118 orpio

293 3118 582 3217 scriptum
611 3129 715 3199 est,
732 3119 1058 3207 plerosque
1089 3143 1287 3185 omnes
1314 3121 1668 3208 interpretes
1700 3119 1826 3206 ejus
1854 3116 2265 3203 subterfugere
2292 3115 2481 3180 solere
2512 3139 2689 3180 enar-

295 3215 611 3268 rationem.

205 3286 342 3353 Hic
369 3288 525 3353 liber
552 3290 959 3377 complectitur
989 3292 1262 3356 ultimum
1303 3291 1570 3358 casaris
1600 3290 1837 3369 bellum,
1869 3289 2034 3378 quod
2060 3288 2136 3352 ab
2167 3310 2235 3352 eo
2260 3297 2468 3351 contra
2501 3287 2687 3351 Pom-

279 3375 647 3461 peianorum
678 3377 890 3441 ducum
920 3377 1212 3464 reliquias
1241 3379 1307 3441 in
1340 3378 1656 3463 Hispania
1693 3388 1929 3463 gestum
1959 3386 2062 3454 est,
2111 3387 2167 3438 et
2195 3373 2270 3438 ab
2300 3372 2412 3437 illa
2432 3375 2688 3461 provin-

289 3461 386 3524 cia
434 3459 845 3547 Hispaniense
898 3464 1141 3530 dictum.
1239 3463 1409 3550 Quia
1437 3466 1575 3528 vero
1604 3462 1758 3527 liber
1782 3474 1837 3526 et
1876 3461 1949 3526 ab
1980 3461 2156 3525 initio
2189 3470 2244 3525 et
2274 3460 2312 3524 ὰ
2339 3457 2473 3545 fine
2503 3459 2681 3524 muti-

292 3545 407 3625 lus,
439 3569 634 3632 operoe
660 3548 921 3633 pretium
950 3550 1188 3624 uidetur
1216 3569 1355 3629 esse,
1388 3549 1546 3614 unde
1575 3547 1793 3614 bellum
1821 3547 1982 3613 illud
2009 3558 2202 3611 ortum
2226 3546 2325 3623 sit,
2357 3545 2676 3632 explicare.

288 3631 539 3695 Bellum
568 3634 763 3720 igitur
795 3633 1207 3733 Hispaniense
1237 3658 1309 3699 ex
1338 3642 1408 3699 ea
1437 3634 1750 3711 seditione,
1796 3656 1969 3719 quem
2008 3632 2088 3719 Q.
2131 3631 2336 3697 Cassii
2365 3631 2686 3695 concitavit

293 3717 558 3782 avaritia
612 3730 668 3782 et
719 3732 1050 3806 rapacitas,
1096 3733 1293 3785 ortum
1321 3721 1553 3785 babuit.
1654 3718 1806 3783 Ciam
1839 3719 1994 3782 enim
2023 3728 2370 3781 vererentur
2394 3715 2681 3793 civitates,

291 3824 366 3866 ne
395 3826 593 3868 rerum
688 3828 752 3867 er
798 3805 1109 3869 tumultum
1185 3817 1442 3870 estarum
1495 3806 1711 3869 victori
1765 3804 2002 3868 Coesari
2021 3825 2234 3888 poenas
2265 3802 2498 3877 clarent,
2530 3800 2684 3864 clam

289 3889 451 3953 datis
482 3890 566 3953 acl
649 3890 941 4000 cipionem
965 3892 1031 3954 in
1055 3892 1116 3955 A
1189 3892 1204 3906 '
1237 3915 1334 3956 am
1361 3891 1601 3969 litteris,
1633 3890 1717 3954 ad
1745 3889 1911 3954 illius
1930 3901 2141 3976 partes
2164 3910 2225 3951 se
2256 3886 2680 3972 adjunxerunt,

288 3974 506 4061 quibus
533 3974 639 4038 ille
671 3998 799 4040 cam
829 3977 1117 4062 quosdam
1149 3999 1220 4040 ex
1248 3977 1371 4041 suis
1403 3990 1525 4041 tum
1567 3976 1684 4041 Gn.
1718 3975 2070 4061 Pompeium
2098 3972 2308 4058 filium
2351 3971 2530 4047 misit,
2561 3993 2682 4057 quo

288 4061 439 4125 duce
463 4084 556 4125 res
580 4074 915 4148 gereretur.
1015 4062 1090 4127 V
1083 4063 1245 4128 eriam
1281 4064 1441 4127 circa
1486 4061 1787 4126 Baleares
1816 4061 2050 4124 insulas
2068 4059 2265 4145 paulo
2297 4057 2525 4122 diutius
2558 4078 2683 4120 mo-

288 4157 462 4210 rante
492 4147 810 4233 Pompeio,
842 4147 1112 4248 victoque
1141 4149 1372 4213 interea
1406 4147 1714 4234 Scipione,
1746 4145 1874 4211 ciam
1900 4146 2083 4232 sama
2109 4145 2310 4231 firret
2337 4165 2467 4207 cum
2496 4141 2681 4206 classe

284 4230 551 4296 Didium
581 4233 619 4296 ὰ
661 4233 902 4298 Goesare
934 4249 1172 4298 missum
1226 4235 1571 4313 adventare,
1625 4232 1705 4296 T.
1756 4231 2087 4318 Scapulam
2132 4241 2188 4293 et
2241 4223 2321 4315 Q.
2368 4226 2681 4326 Aponium

283 4319 574 4402 equestris
599 4318 801 4383 ambos
822 4320 1053 4383 ordinis
1079 4320 1254 4384 duces
1274 4331 1555 4406 agerunt,
1581 4318 1620 4382 ὰ
1641 4317 1855 4404 quibus
1879 4317 2046 4381 illico
2067 4315 2143 4379 C.
2173 4313 2512 4377 Trebonius
2525 4334 2680 4398 pro-

282 4403 494 4467 consul
521 4404 910 4472 Coesarianus
935 4406 1149 4492 ejectus
1173 4418 1277 4484 est,
1303 4416 1547 4491 totaque
1572 4403 1824 4468 ulterior
1848 4399 2163 4501 Hispania
2196 4399 2280 4462 ad
2301 4395 2681 4483 desectionem

280 4488 546 4575 impulsa
570 4501 672 4555 est.
761 4490 847 4554 Ν
839 4514 901 4555 ec
924 4490 1110 4555 multo*
1123 4502 1268 4577 post
1288 4489 1706 4578 superveniens
1733 4488 2061 4572 Pompeius
2069 4483 2270 4571 filius,
2290 4481 2419 4547 ciam
2427 4485 2680 4568 paterni

276 4574 541 4638 nominis
563 4577 780 4662 gratia
805 4577 1336 4655 commendaretur,
1359 4577 1434 4641 ab
1461 4574 1730 4641 omnibus
1753 4574 2083 4658 imperator
2109 4567 2508 4635 constituitur.
2554 4568 2679 4632 Ac·

274 4671 532 4724 cnrrvent
561 4663 737 4725 etiam
769 4685 842 4725 ez·
868 4661 1092 4747 Africa
1110 4662 1375 4752 profiagi
1420 4685 1550 4728 cum
1576 4660 1760 4725 classe
1795 4659 2013 4726 Sextus
2026 4657 2255 4743 frater,
2284 4655 2598 4721 Labienus
2622 4667 2676 4715 et
