<?xml version="1.0" encoding="UTF-8"?>
<!DOCTYPE html PUBLIC "-//W3C//DTD XHTML 1.0 Transitional//EN"
    "http://www.w3.org/TR/xhtml1/DTD/xhtml1-transitional.dtd">
<html xmlns="http://www.w3.org/1999/xhtml" xml:lang="en" lang="en">
 <head>
  <title>
</title>
<meta http-equiv="Content-Type" content="text/html;charset=utf-8" />
  <meta name='ocr-system' content='tesseract 3.04.00' />
  <meta name='ocr-capabilities' content='ocr_page ocr_carea ocr_par ocr_line ocrx_word'/>
</head>
<body>
  <div class='ocr_page' id='page_1' title='image "./cjuliicaesarisq00celsgoog_0375.png"; bbox 0 0 3059 5050; ppageno 0'>
   <div class='ocr_carea' id='block_1_1' title="bbox 220 258 2670 498">
    <p class='ocr_par' dir='ltr' id='par_1_1' title="bbox 220 258 2670 498">
     <span class='ocr_line' id='line_1_1' title="bbox 775 258 2644 332; baseline 0.001 -4"><span class='ocrx_word' id='word_1_1' title='bbox 775 263 900 330; x_wconf 84' lang='lat' dir='ltr'>DE</span> <span class='ocrx_word' id='word_1_2' title='bbox 943 258 1244 329; x_wconf 81' lang='lat' dir='ltr'>BELLO</span> <span class='ocrx_word' id='word_1_3' title='bbox 1289 258 1747 329; x_wconf 78' lang='lat' dir='ltr'>AFRICANO</span> <span class='ocrx_word' id='word_1_4' title='bbox 1782 260 2083 330; x_wconf 84' lang='lat' dir='ltr'><strong>LIBER.</strong></span> <span class='ocrx_word' id='word_1_5' title='bbox 2521 274 2644 332; x_wconf 71' lang='lat'>859</span> 
     </span>
     <span class='ocr_line' id='line_1_2' title="bbox 220 364 2670 498; baseline -0.001 -19"><span class='ocrx_word' id='word_1_6' title='bbox 220 418 622 498; x_wconf 61' lang='lat' dir='ltr'>mgnomet,</span> <span class='ocrx_word' id='word_1_7' title='bbox 650 424 712 475; x_wconf 86' lang='lat' dir='ltr'>et</span> <span class='ocrx_word' id='word_1_8' title='bbox 731 416 827 475; x_wconf 89' lang='lat' dir='ltr'>cui</span> <span class='ocrx_word' id='word_1_9' title='bbox 856 412 1011 496; x_wconf 88' lang='lat' dir='ltr'>parti</span> <span class='ocrx_word' id='word_1_10' title='bbox 1035 413 1305 496; x_wconf 82' lang='lat' dir='ltr'>corporis</span> <span class='ocrx_word' id='word_1_11' title='bbox 1326 414 1452 495; x_wconf 83' lang='lat' dir='ltr'>ejus</span> <span class='ocrx_word' id='word_1_12' title='bbox 1474 412 1656 475; x_wconf 85' lang='lat' dir='ltr'>telum</span> <span class='ocrx_word' id='word_1_13' title='bbox 1679 412 1857 475; x_wconf 76' lang='lat' dir='ltr'>facile</span> <span class='ocrx_word' id='word_1_14' title='bbox 1883 413 2065 494; x_wconf 88' lang='lat' dir='ltr'>adjici</span> <span class='ocrx_word' id='word_1_15' title='bbox 2088 424 2304 497; x_wconf 87' lang='lat' dir='ltr'>posset.</span> <span class='ocrx_word' id='word_1_16' title='bbox 2361 364 2566 477; x_wconf 82' lang='lat' dir='ltr'>Orna-</span> <span class='ocrx_word' id='word_1_17' title='bbox 2660 377 2670 388; x_wconf 22' lang='grc' dir='ltr'><strong>ἱ</strong></span> 
     </span>
    </p>
   </div>
   <div class='ocr_carea' id='block_1_2' title="bbox 209 497 2656 1509">
    <p class='ocr_par' dir='ltr' id='par_1_2' title="bbox 210 497 2651 1085">
     <span class='ocr_line' id='line_1_3' title="bbox 216 497 2564 582; baseline 0 -22"><span class='ocrx_word' id='word_1_18' title='bbox 216 513 421 581; x_wconf 82' lang='lat' dir='ltr'>tusque</span> <span class='ocrx_word' id='word_1_19' title='bbox 465 519 537 559; x_wconf 87' lang='lat' dir='ltr'>ac</span> <span class='ocrx_word' id='word_1_20' title='bbox 582 498 869 560; x_wconf 87' lang='lat' dir='ltr'>loricatus</span> <span class='ocrx_word' id='word_1_21' title='bbox 918 497 1266 579; x_wconf 80' lang='lat' dir='ltr'><strong>elephantus</strong></span> <span class='ocrx_word' id='word_1_22' title='bbox 1309 518 1489 580; x_wconf 87' lang='lat' dir='ltr'>quum</span> <span class='ocrx_word' id='word_1_23' title='bbox 1538 512 1707 574; x_wconf 89' lang='lat' dir='ltr'>esset,</span> <span class='ocrx_word' id='word_1_24' title='bbox 1753 514 1892 579; x_wconf 84' lang='lat' dir='ltr'>quae</span> <span class='ocrx_word' id='word_1_25' title='bbox 1937 519 2075 579; x_wconf 88' lang='lat' dir='ltr'>pars</span> <span class='ocrx_word' id='word_1_26' title='bbox 2120 500 2246 580; x_wconf 82' lang='lat' dir='ltr'>ejus</span> <span class='ocrx_word' id='word_1_27' title='bbox 2292 501 2564 582; x_wconf 88' lang='lat' dir='ltr'>corporis</span> 
     </span>
     <span class='ocr_line' id='line_1_4' title="bbox 215 581 2561 662; baseline -0 -16"><span class='ocrx_word' id='word_1_28' title='bbox 215 600 379 646; x_wconf 63' lang='lat' dir='ltr'>naua</span> <span class='ocrx_word' id='word_1_29' title='bbox 408 586 536 644; x_wconf 85' lang='lat' dir='ltr'>sine</span> <span class='ocrx_word' id='word_1_30' title='bbox 565 582 831 662; x_wconf 79' lang='lat' dir='ltr'>teg-mine</span> <span class='ocrx_word' id='word_1_31' title='bbox 873 581 1316 662; x_wconf 79' lang='lat' dir='ltr'>relinqueretur,</span> <span class='ocrx_word' id='word_1_32' title='bbox 1348 597 1411 645; x_wconf 89' lang='lat' dir='ltr'>ut</span> <span class='ocrx_word' id='word_1_33' title='bbox 1438 602 1512 642; x_wconf 92' lang='lat' dir='ltr'>eo</span> <span class='ocrx_word' id='word_1_34' title='bbox 1542 581 1661 644; x_wconf 89' lang='lat' dir='ltr'>tela</span> <span class='ocrx_word' id='word_1_35' title='bbox 1689 583 2144 662; x_wconf 84' lang='lat' dir='ltr'>conjicerentur.</span> <span class='ocrx_word' id='word_1_36' title='bbox 2232 581 2561 661; x_wconf 74' lang='lat' dir='ltr'>Praeterea,</span> 
     </span>
     <span class='ocr_line' id='line_1_5' title="bbox 216 665 2565 751; baseline 0.001 -24"><span class='ocrx_word' id='word_1_37' title='bbox 216 683 280 728; x_wconf 88' lang='lat' dir='ltr'>ut</span> <span class='ocrx_word' id='word_1_38' title='bbox 310 669 576 746; x_wconf 61' lang='lat' dir='ltr'>jamenta</span> <span class='ocrx_word' id='word_1_39' title='bbox 603 665 927 728; x_wconf 86' lang='lat' dir='ltr'>bestiarum</span> <span class='ocrx_word' id='word_1_40' title='bbox 958 666 1226 742; x_wconf 85' lang='lat' dir='ltr'>odorem,</span> <span class='ocrx_word' id='word_1_41' title='bbox 1258 666 1590 743; x_wconf 88' lang='lat' dir='ltr'>stridorem,</span> <span class='ocrx_word' id='word_1_42' title='bbox 1622 668 1879 749; x_wconf 89' lang='lat' dir='ltr'>speciem</span> <span class='ocrx_word' id='word_1_43' title='bbox 1905 667 2333 728; x_wconf 87' lang='lat' dir='ltr'>consuetudine</span> <span class='ocrx_word' id='word_1_44' title='bbox 2355 682 2565 751; x_wconf 88' lang='lat' dir='ltr'>capta·</span> 
     </span>
     <span class='ocr_line' id='line_1_6' title="bbox 211 748 2651 835; baseline 0 -23"><span class='ocrx_word' id='word_1_45' title='bbox 211 772 345 813; x_wconf 89' lang='lat' dir='ltr'>rum</span> <span class='ocrx_word' id='word_1_46' title='bbox 376 771 502 813; x_wconf 87' lang='lat' dir='ltr'>non</span> <span class='ocrx_word' id='word_1_47' title='bbox 531 749 1002 813; x_wconf 75' lang='lat' dir='ltr'>reformidarent.</span> <span class='ocrx_word' id='word_1_48' title='bbox 1094 748 1361 835; x_wconf 79' lang='lat' dir='ltr'>[Quibus</span> <span class='ocrx_word' id='word_1_49' title='bbox 1386 771 1465 811; x_wconf 84' lang='lat' dir='ltr'>ex</span> <span class='ocrx_word' id='word_1_50' title='bbox 1497 749 1702 834; x_wconf 88' lang='lat' dir='ltr'>rebus]</span> <span class='ocrx_word' id='word_1_51' title='bbox 1752 750 1998 831; x_wconf 81' lang='lat' dir='ltr'>largiter</span> <span class='ocrx_word' id='word_1_52' title='bbox 2025 763 2155 811; x_wconf 86' lang='lat' dir='ltr'>erat</span> <span class='ocrx_word' id='word_1_53' title='bbox 2189 766 2560 814; x_wconf 74' lang='lat' dir='ltr'>consecutus·</span> <span class='ocrx_word' id='word_1_54' title='bbox 2608 754 2651 812; x_wconf 82' lang='lat'>5</span> 
     </span>
     <span class='ocr_line' id='line_1_7' title="bbox 210 834 2565 917; baseline 0 -20"><span class='ocrx_word' id='word_1_55' title='bbox 210 834 376 897; x_wconf 88' lang='lat' dir='ltr'>Nam</span> <span class='ocrx_word' id='word_1_56' title='bbox 423 848 483 898; x_wconf 91' lang='lat' dir='ltr'>et</span> <span class='ocrx_word' id='word_1_57' title='bbox 526 834 739 897; x_wconf 79' lang='lat' dir='ltr'>milites</span> <span class='ocrx_word' id='word_1_58' title='bbox 776 834 991 896; x_wconf 85' lang='lat' dir='ltr'>bestias</span> <span class='ocrx_word' id='word_1_59' title='bbox 1033 835 1307 895; x_wconf 88' lang='lat' dir='ltr'>manibus</span> <span class='ocrx_word' id='word_1_60' title='bbox 1352 836 1813 917; x_wconf 76' lang='lat' dir='ltr'>pertractabant,</span> <span class='ocrx_word' id='word_1_61' title='bbox 1860 854 2185 915; x_wconf 87' lang='lat' dir='ltr'>earumque</span> <span class='ocrx_word' id='word_1_62' title='bbox 2228 835 2565 898; x_wconf 80' lang='lat' dir='ltr'>tarditatem</span> 
     </span>
     <span class='ocr_line' id='line_1_8' title="bbox 212 917 2565 1002; baseline 0 -22"><span class='ocrx_word' id='word_1_63' title='bbox 212 922 701 1000; x_wconf 74' lang='lat' dir='ltr'>cognoscebant:</span> <span class='ocrx_word' id='word_1_64' title='bbox 746 919 1084 1000; x_wconf 84' lang='lat' dir='ltr'>equitesque</span> <span class='ocrx_word' id='word_1_65' title='bbox 1125 917 1186 979; x_wconf 78' lang='lat' dir='ltr'>in</span> <span class='ocrx_word' id='word_1_66' title='bbox 1215 939 1317 979; x_wconf 88' lang='lat' dir='ltr'>eos</span> <span class='ocrx_word' id='word_1_67' title='bbox 1347 919 1472 1002; x_wconf 90' lang='lat' dir='ltr'>pila</span> <span class='ocrx_word' id='word_1_68' title='bbox 1500 919 1816 1001; x_wconf 85' lang='lat' dir='ltr'>praepilata</span> <span class='ocrx_word' id='word_1_69' title='bbox 1843 919 2262 1000; x_wconf 82' lang='lat' dir='ltr'>conjiciebant,</span> <span class='ocrx_word' id='word_1_70' title='bbox 2294 931 2472 1001; x_wconf 90' lang='lat' dir='ltr'>atque</span> <span class='ocrx_word' id='word_1_71' title='bbox 2502 920 2565 982; x_wconf 88' lang='lat' dir='ltr'>in</span> 
     </span>
     <span class='ocr_line' id='line_1_9' title="bbox 213 1001 1966 1085; baseline 0 -20"><span class='ocrx_word' id='word_1_72' title='bbox 213 1005 702 1067; x_wconf 82' lang='lat' dir='ltr'>consuetudinem</span> <span class='ocrx_word' id='word_1_73' title='bbox 731 1023 916 1085; x_wconf 90' lang='lat' dir='ltr'>equos</span> <span class='ocrx_word' id='word_1_74' title='bbox 944 1001 1230 1084; x_wconf 86' lang='lat' dir='ltr'>patientia</span> <span class='ocrx_word' id='word_1_75' title='bbox 1260 1004 1579 1064; x_wconf 84' lang='lat' dir='ltr'>bestiarum</span> <span class='ocrx_word' id='word_1_76' title='bbox 1613 1003 1966 1065; x_wconf 78' lang='lat' dir='ltr'>adduxerat.</span> 
     </span>
    </p>

    <p class='ocr_par' dir='ltr' id='par_1_3' title="bbox 209 1085 2656 1509">
     <span class='ocr_line' id='line_1_10' title="bbox 299 1085 2568 1171; baseline -0 -21"><span class='ocrx_word' id='word_1_77' title='bbox 299 1086 604 1151; x_wconf 80' lang='lat' dir='ltr'>LXXIII.</span> <span class='ocrx_word' id='word_1_78' title='bbox 649 1086 749 1150; x_wconf 91' lang='lat' dir='ltr'>Ob</span> <span class='ocrx_word' id='word_1_79' title='bbox 777 1107 880 1148; x_wconf 88' lang='lat' dir='ltr'>eas</span> <span class='ocrx_word' id='word_1_80' title='bbox 907 1105 1168 1164; x_wconf 72' lang='lat' dir='ltr'>caussaS,</span> <span class='ocrx_word' id='word_1_81' title='bbox 1200 1108 1348 1168; x_wconf 88' lang='lat' dir='ltr'>quas</span> <span class='ocrx_word' id='word_1_82' title='bbox 1379 1109 1560 1171; x_wconf 82' lang='lat' dir='ltr'>supra</span> <span class='ocrx_word' id='word_1_83' title='bbox 1601 1085 2088 1163; x_wconf 85' lang='lat' dir='ltr'>commemoravi,</span> <span class='ocrx_word' id='word_1_84' title='bbox 2133 1086 2568 1149; x_wconf 84' lang='lat' dir='ltr'>sollicitabatur</span> 
     </span>
     <span class='ocr_line' id='line_1_11' title="bbox 213 1169 2656 1255; baseline -0 -20"><span class='ocrx_word' id='word_1_85' title='bbox 213 1169 450 1251; x_wconf 82' lang='lat' dir='ltr'>Caesar,</span> <span class='ocrx_word' id='word_1_86' title='bbox 483 1173 822 1253; x_wconf 86' lang='lat' dir='ltr'>tardiorque</span> <span class='ocrx_word' id='word_1_87' title='bbox 850 1183 910 1232; x_wconf 90' lang='lat' dir='ltr'>et</span> <span class='ocrx_word' id='word_1_88' title='bbox 936 1171 1372 1233; x_wconf 76' lang='lat' dir='ltr'>consideratior</span> <span class='ocrx_word' id='word_1_89' title='bbox 1400 1185 1528 1234; x_wconf 88' lang='lat' dir='ltr'>erat</span> <span class='ocrx_word' id='word_1_90' title='bbox 1556 1173 1767 1249; x_wconf 74' lang='lat' dir='ltr'>factuS,</span> <span class='ocrx_word' id='word_1_91' title='bbox 1796 1185 1856 1234; x_wconf 89' lang='lat' dir='ltr'>et</span> <span class='ocrx_word' id='word_1_92' title='bbox 1883 1193 1961 1233; x_wconf 82' lang='lat' dir='ltr'>ex</span> <span class='ocrx_word' id='word_1_93' title='bbox 2007 1171 2259 1255; x_wconf 68' lang='lat' dir='ltr'>pristina</span> <span class='ocrx_word' id='word_1_94' title='bbox 2297 1170 2656 1234; x_wconf 71' lang='lat' dir='ltr'>bellandilss</span> 
     </span>
     <span class='ocr_line' id='line_1_12' title="bbox 212 1254 2570 1340; baseline -0 -21"><span class='ocrx_word' id='word_1_95' title='bbox 212 1257 638 1319; x_wconf 80' lang='lat' dir='ltr'>consuetudine</span> <span class='ocrx_word' id='word_1_96' title='bbox 689 1255 1108 1337; x_wconf 80' lang='lat' dir='ltr'>celeritateque</span> <span class='ocrx_word' id='word_1_97' title='bbox 1158 1259 1513 1318; x_wconf 78' lang='lat' dir='ltr'>excesserat.</span> <span class='ocrx_word' id='word_1_98' title='bbox 1613 1254 1746 1319; x_wconf 89' lang='lat' dir='ltr'>Nec</span> <span class='ocrx_word' id='word_1_99' title='bbox 1800 1257 2035 1319; x_wconf 85' lang='lat' dir='ltr'>mirum.</span> <span class='ocrx_word' id='word_1_100' title='bbox 2124 1254 2356 1340; x_wconf 85' lang='lat' dir='ltr'>Copias</span> <span class='ocrx_word' id='word_1_101' title='bbox 2407 1256 2570 1318; x_wconf 85' lang='lat' dir='ltr'>enim</span> 
     </span>
     <span class='ocr_line' id='line_1_13' title="bbox 213 1338 2571 1424; baseline 0 -22"><span class='ocrx_word' id='word_1_102' title='bbox 213 1341 471 1402; x_wconf 87' lang='lat' dir='ltr'>habebat</span> <span class='ocrx_word' id='word_1_103' title='bbox 497 1342 560 1402; x_wconf 87' lang='lat' dir='ltr'>in</span> <span class='ocrx_word' id='word_1_104' title='bbox 590 1338 796 1402; x_wconf 67' lang='lat' dir='ltr'>Gallis</span> <span class='ocrx_word' id='word_1_105' title='bbox 823 1339 1049 1402; x_wconf 86' lang='lat' dir='ltr'>bellare</span> <span class='ocrx_word' id='word_1_106' title='bbox 1076 1355 1391 1403; x_wconf 86' lang='lat' dir='ltr'>consuetas</span> <span class='ocrx_word' id='word_1_107' title='bbox 1420 1341 1570 1404; x_wconf 90' lang='lat' dir='ltr'>locis</span> <span class='ocrx_word' id='word_1_108' title='bbox 1612 1342 2062 1424; x_wconf 87' lang='lat' dir='ltr'>campestribus,</span> <span class='ocrx_word' id='word_1_109' title='bbox 2091 1355 2151 1402; x_wconf 89' lang='lat' dir='ltr'>et</span> <span class='ocrx_word' id='word_1_110' title='bbox 2177 1354 2390 1402; x_wconf 85' lang='lat' dir='ltr'>contra</span> <span class='ocrx_word' id='word_1_111' title='bbox 2421 1339 2571 1402; x_wconf 85' lang='lat' dir='ltr'>Gal-</span> 
     </span>
     <span class='ocr_line' id='line_1_14' title="bbox 209 1424 2572 1509; baseline 0.001 -23"><span class='ocrx_word' id='word_1_112' title='bbox 209 1424 299 1486; x_wconf 87' lang='lat' dir='ltr'>los</span> <span class='ocrx_word' id='word_1_113' title='bbox 344 1425 615 1487; x_wconf 85' lang='lat' dir='ltr'>homines</span> <span class='ocrx_word' id='word_1_114' title='bbox 642 1438 886 1509; x_wconf 82' lang='lat' dir='ltr'>apertos</span> <span class='ocrx_word' id='word_1_115' title='bbox 913 1424 1282 1507; x_wconf 75' lang='lat' dir='ltr'>minimeque</span> <span class='ocrx_word' id='word_1_116' title='bbox 1311 1425 1665 1505; x_wconf 81' lang='lat' dir='ltr'>insidiosos3</span> <span class='ocrx_word' id='word_1_117' title='bbox 1717 1427 1818 1507; x_wconf 91' lang='lat' dir='ltr'>qui</span> <span class='ocrx_word' id='word_1_118' title='bbox 1848 1446 1954 1509; x_wconf 90' lang='lat' dir='ltr'>per</span> <span class='ocrx_word' id='word_1_119' title='bbox 1982 1426 2279 1501; x_wconf 86' lang='lat' dir='ltr'>virtutem,</span> <span class='ocrx_word' id='word_1_120' title='bbox 2309 1446 2432 1486; x_wconf 85' lang='lat' dir='ltr'>non</span> <span class='ocrx_word' id='word_1_121' title='bbox 2465 1446 2572 1507; x_wconf 88' lang='lat' dir='ltr'>per</span> 
     </span>
    </p>
   </div>
   <div class='ocr_carea' id='block_1_3' title="bbox 88 1507 2573 1595">
    <p class='ocr_par' dir='ltr' id='par_1_4' title="bbox 88 1507 2573 1595">
     <span class='ocr_line' id='line_1_15' title="bbox 88 1507 2573 1595; baseline 0 -24"><span class='ocrx_word' id='word_1_122' title='bbox 88 1512 109 1521; x_wconf 56' lang='lat'>²</span> <span class='ocrx_word' id='word_1_123' title='bbox 207 1509 434 1587; x_wconf 88' lang='lat' dir='ltr'>dolum,</span> <span class='ocrx_word' id='word_1_124' title='bbox 481 1509 774 1571; x_wconf 84' lang='lat' dir='ltr'>dimicare</span> <span class='ocrx_word' id='word_1_125' title='bbox 802 1524 1261 1571; x_wconf 87' lang='lat' dir='ltr'>consueverunt.</span> <span class='ocrx_word' id='word_1_126' title='bbox 1347 1507 1510 1572; x_wconf 90' lang='lat' dir='ltr'>Tum</span> <span class='ocrx_word' id='word_1_127' title='bbox 1545 1525 1742 1573; x_wconf 85' lang='lat' dir='ltr'>autem</span> <span class='ocrx_word' id='word_1_128' title='bbox 1786 1524 1912 1573; x_wconf 88' lang='lat' dir='ltr'>erat</span> <span class='ocrx_word' id='word_1_129' title='bbox 1952 1510 2010 1571; x_wconf 90' lang='lat' dir='ltr'>ei</span> <span class='ocrx_word' id='word_1_130' title='bbox 2055 1509 2474 1595; x_wconf 83' lang='lat' dir='ltr'>laborandum,</span> <span class='ocrx_word' id='word_1_131' title='bbox 2506 1523 2573 1572; x_wconf 88' lang='lat' dir='ltr'>ut</span> 
     </span>
    </p>
   </div>
   <div class='ocr_carea' id='block_1_4' title="bbox 204 1593 2678 3724">
    <p class='ocr_par' dir='ltr' id='par_1_5' title="bbox 204 1593 2662 3183">
     <span class='ocr_line' id='line_1_16' title="bbox 207 1593 2657 1675; baseline -0.001 -18"><span class='ocrx_word' id='word_1_132' title='bbox 207 1594 658 1657; x_wconf 84' lang='lat' dir='ltr'>consuefaceret</span> <span class='ocrx_word' id='word_1_133' title='bbox 685 1593 918 1670; x_wconf 86' lang='lat' dir='ltr'>milites,</span> <span class='ocrx_word' id='word_1_134' title='bbox 952 1593 1211 1656; x_wconf 88' lang='lat' dir='ltr'>hostium</span> <span class='ocrx_word' id='word_1_135' title='bbox 1243 1594 1437 1672; x_wconf 84' lang='lat' dir='ltr'>dolos,</span> <span class='ocrx_word' id='word_1_136' title='bbox 1468 1595 1734 1671; x_wconf 86' lang='lat' dir='ltr'>insidias,</span> <span class='ocrx_word' id='word_1_137' title='bbox 1781 1594 2034 1657; x_wconf 82' lang='lat' dir='ltr'>artificia</span> <span class='ocrx_word' id='word_1_138' title='bbox 2080 1615 2467 1675; x_wconf 82' lang='lat' dir='ltr'>cognoscere,</span> <span class='ocrx_word' id='word_1_139' title='bbox 2513 1596 2657 1658; x_wconf 81' lang='lat' dir='ltr'>et15</span> 
     </span>
     <span class='ocr_line' id='line_1_17' title="bbox 210 1678 2572 1762; baseline 0 -22"><span class='ocrx_word' id='word_1_140' title='bbox 210 1679 356 1760; x_wconf 88' lang='lat' dir='ltr'>quid</span> <span class='ocrx_word' id='word_1_141' title='bbox 386 1679 574 1761; x_wconf 88' lang='lat' dir='ltr'>sequi,</span> <span class='ocrx_word' id='word_1_142' title='bbox 607 1679 751 1760; x_wconf 89' lang='lat' dir='ltr'>quid</span> <span class='ocrx_word' id='word_1_143' title='bbox 779 1678 967 1760; x_wconf 76' lang='lat' dir='ltr'>vitare</span> <span class='ocrx_word' id='word_1_144' title='bbox 992 1680 1362 1742; x_wconf 87' lang='lat' dir='ltr'>conveniret.</span> <span class='ocrx_word' id='word_1_145' title='bbox 1451 1679 1664 1761; x_wconf 87' lang='lat' dir='ltr'>Itaque</span> <span class='ocrx_word' id='word_1_146' title='bbox 1689 1700 1814 1762; x_wconf 88' lang='lat' dir='ltr'>quo</span> <span class='ocrx_word' id='word_1_147' title='bbox 1845 1679 1977 1741; x_wconf 83' lang='lat' dir='ltr'>haec</span> <span class='ocrx_word' id='word_1_148' title='bbox 2008 1678 2257 1741; x_wconf 77' lang='lat' dir='ltr'>celerius</span> <span class='ocrx_word' id='word_1_149' title='bbox 2286 1679 2572 1762; x_wconf 89' lang='lat' dir='ltr'>concipe-</span> 
     </span>
     <span class='ocr_line' id='line_1_18' title="bbox 210 1762 2576 1847; baseline 0.001 -22"><span class='ocrx_word' id='word_1_150' title='bbox 210 1777 363 1841; x_wconf 84' lang='lat' dir='ltr'>rent,</span> <span class='ocrx_word' id='word_1_151' title='bbox 392 1764 580 1825; x_wconf 87' lang='lat' dir='ltr'>dabat</span> <span class='ocrx_word' id='word_1_152' title='bbox 608 1784 873 1847; x_wconf 82' lang='lat' dir='ltr'>operam,</span> <span class='ocrx_word' id='word_1_153' title='bbox 904 1778 969 1825; x_wconf 87' lang='lat' dir='ltr'>ut</span> <span class='ocrx_word' id='word_1_154' title='bbox 994 1762 1264 1845; x_wconf 79' lang='lat' dir='ltr'>legiones</span> <span class='ocrx_word' id='word_1_155' title='bbox 1294 1786 1415 1827; x_wconf 84' lang='lat' dir='ltr'>non</span> <span class='ocrx_word' id='word_1_156' title='bbox 1459 1764 1520 1826; x_wconf 87' lang='lat' dir='ltr'>in</span> <span class='ocrx_word' id='word_1_157' title='bbox 1570 1785 1690 1826; x_wconf 88' lang='lat' dir='ltr'>uno</span> <span class='ocrx_word' id='word_1_158' title='bbox 1736 1764 1876 1826; x_wconf 88' lang='lat' dir='ltr'>loco</span> <span class='ocrx_word' id='word_1_159' title='bbox 1920 1764 2273 1840; x_wconf 89' lang='lat' dir='ltr'>contineret,</span> <span class='ocrx_word' id='word_1_160' title='bbox 2320 1763 2423 1824; x_wconf 88' lang='lat' dir='ltr'>sed</span> <span class='ocrx_word' id='word_1_161' title='bbox 2466 1784 2576 1845; x_wconf 88' lang='lat' dir='ltr'>per</span> 
     </span>
     <span class='ocr_line' id='line_1_19' title="bbox 210 1845 2572 1933; baseline 0 -25"><span class='ocrx_word' id='word_1_162' title='bbox 210 1868 486 1910; x_wconf 82' lang='lat' dir='ltr'>caussam</span> <span class='ocrx_word' id='word_1_163' title='bbox 531 1845 950 1925; x_wconf 80' lang='lat' dir='ltr'>frumentandi,</span> <span class='ocrx_word' id='word_1_164' title='bbox 999 1848 1117 1911; x_wconf 87' lang='lat' dir='ltr'>huc</span> <span class='ocrx_word' id='word_1_165' title='bbox 1163 1864 1344 1933; x_wconf 85' lang='lat' dir='ltr'>atque</span> <span class='ocrx_word' id='word_1_166' title='bbox 1386 1849 1527 1912; x_wconf 90' lang='lat' dir='ltr'>illuc</span> <span class='ocrx_word' id='word_1_167' title='bbox 1573 1862 1874 1932; x_wconf 85' lang='lat' dir='ltr'>raptaret:</span> <span class='ocrx_word' id='word_1_168' title='bbox 1920 1847 2056 1910; x_wconf 82' lang='lat' dir='ltr'>ideo</span> <span class='ocrx_word' id='word_1_169' title='bbox 2104 1846 2267 1929; x_wconf 74' lang='lat' dir='ltr'>quod</span> <span class='ocrx_word' id='word_1_170' title='bbox 2313 1847 2572 1909; x_wconf 87' lang='lat' dir='ltr'>hostium</span> 
     </span>
     <span class='ocr_line' id='line_1_20' title="bbox 207 1933 2574 2016; baseline -0 -22"><span class='ocrx_word' id='word_1_171' title='bbox 207 1934 419 2016; x_wconf 84' lang='lat' dir='ltr'>copias</span> <span class='ocrx_word' id='word_1_172' title='bbox 477 1933 556 1995; x_wconf 90' lang='lat' dir='ltr'>ab</span> <span class='ocrx_word' id='word_1_173' title='bbox 606 1953 689 2010; x_wconf 85' lang='lat' dir='ltr'>se,</span> <span class='ocrx_word' id='word_1_174' title='bbox 738 1952 962 2014; x_wconf 86' lang='lat' dir='ltr'>suoque</span> <span class='ocrx_word' id='word_1_175' title='bbox 1004 1933 1263 2015; x_wconf 81' lang='lat' dir='ltr'>vestigio</span> <span class='ocrx_word' id='word_1_176' title='bbox 1306 1955 1428 1997; x_wconf 86' lang='lat' dir='ltr'>non</span> <span class='ocrx_word' id='word_1_177' title='bbox 1474 1934 1839 1997; x_wconf 86' lang='lat' dir='ltr'>discessuras</span> <span class='ocrx_word' id='word_1_178' title='bbox 1881 1933 2283 1997; x_wconf 82' lang='lat' dir='ltr'>existimabat.</span> <span class='ocrx_word' id='word_1_179' title='bbox 2372 1934 2574 2013; x_wconf 90' lang='lat' dir='ltr'>Atque</span> 
     </span>
     <span class='ocr_line' id='line_1_21' title="bbox 206 2017 2660 2102; baseline -0.002 -23"><span class='ocrx_word' id='word_1_180' title='bbox 206 2034 346 2102; x_wconf 85' lang='lat' dir='ltr'>post</span> <span class='ocrx_word' id='word_1_181' title='bbox 394 2017 554 2079; x_wconf 88' lang='lat' dir='ltr'>diem</span> <span class='ocrx_word' id='word_1_182' title='bbox 605 2038 703 2079; x_wconf 83' lang='lat'>111.</span> <span class='ocrx_word' id='word_1_183' title='bbox 748 2017 1077 2101; x_wconf 84' lang='lat' dir='ltr'>productas</span> <span class='ocrx_word' id='word_1_184' title='bbox 1124 2019 1466 2081; x_wconf 72' lang='lat' dir='ltr'>accuratius</span> <span class='ocrx_word' id='word_1_185' title='bbox 1518 2038 1655 2080; x_wconf 87' lang='lat' dir='ltr'>suas</span> <span class='ocrx_word' id='word_1_186' title='bbox 1702 2018 1931 2101; x_wconf 79' lang='lat' dir='ltr'>copiaS,</span> <span class='ocrx_word' id='word_1_187' title='bbox 1985 2019 2139 2079; x_wconf 87' lang='lat' dir='ltr'>sicut</span> <span class='ocrx_word' id='word_1_188' title='bbox 2188 2017 2660 2091; x_wconf 76' lang='lat' dir='ltr'>instruxerat,20</span> 
     </span>
     <span class='ocr_line' id='line_1_22' title="bbox 205 2100 2572 2186; baseline -0.001 -22"><span class='ocrx_word' id='word_1_189' title='bbox 205 2115 455 2186; x_wconf 76' lang='lat' dir='ltr'>propter</span> <span class='ocrx_word' id='word_1_190' title='bbox 484 2102 740 2164; x_wconf 87' lang='lat' dir='ltr'>bostium</span> <span class='ocrx_word' id='word_1_191' title='bbox 771 2114 969 2163; x_wconf 88' lang='lat' dir='ltr'>castra</span> <span class='ocrx_word' id='word_1_192' title='bbox 1008 2118 1488 2186; x_wconf 78' lang='lat' dir='ltr'>proetergressus,</span> <span class='ocrx_word' id='word_1_193' title='bbox 1522 2123 1702 2184; x_wconf 83' lang='lat' dir='ltr'>aequo</span> <span class='ocrx_word' id='word_1_194' title='bbox 1730 2103 1869 2165; x_wconf 89' lang='lat' dir='ltr'>loco</span> <span class='ocrx_word' id='word_1_195' title='bbox 1900 2103 2113 2164; x_wconf 86' lang='lat' dir='ltr'>invitat</span> <span class='ocrx_word' id='word_1_196' title='bbox 2141 2100 2572 2163; x_wconf 89' lang='lat' dir='ltr'>dimicandum.</span> 
     </span>
     <span class='ocr_line' id='line_1_23' title="bbox 206 2186 2576 2271; baseline -0.001 -22"><span class='ocrx_word' id='word_1_197' title='bbox 206 2188 542 2270; x_wconf 87' lang='lat' dir='ltr'>Postquam</span> <span class='ocrx_word' id='word_1_198' title='bbox 575 2208 678 2248; x_wconf 85' lang='lat' dir='ltr'>eos</span> <span class='ocrx_word' id='word_1_199' title='bbox 709 2186 1034 2249; x_wconf 87' lang='lat' dir='ltr'>abhorrere</span> <span class='ocrx_word' id='word_1_200' title='bbox 1063 2187 1245 2265; x_wconf 78' lang='lat' dir='ltr'>videt,</span> <span class='ocrx_word' id='word_1_201' title='bbox 1277 2189 1510 2251; x_wconf 88' lang='lat' dir='ltr'>reducit</span> <span class='ocrx_word' id='word_1_202' title='bbox 1551 2188 1661 2248; x_wconf 92' lang='lat' dir='ltr'>sub</span> <span class='ocrx_word' id='word_1_203' title='bbox 1692 2208 2002 2271; x_wconf 85' lang='lat' dir='ltr'>vesperum</span> <span class='ocrx_word' id='word_1_204' title='bbox 2036 2186 2304 2268; x_wconf 76' lang='lat' dir='ltr'>legiones</span> <span class='ocrx_word' id='word_1_205' title='bbox 2352 2187 2413 2246; x_wconf 87' lang='lat' dir='ltr'>in</span> <span class='ocrx_word' id='word_1_206' title='bbox 2445 2206 2576 2246; x_wconf 87' lang='lat' dir='ltr'>cas-</span> 
     </span>
     <span class='ocr_line' id='line_1_24' title="bbox 204 2286 446 2336; baseline -0.012 0"><span class='ocrx_word' id='word_1_207' title='bbox 204 2286 317 2336; x_wconf 85' lang='lat' dir='ltr'>tra.</span> <span class='ocrx_word' id='word_1_208' title='bbox 442 2298 446 2302; x_wconf 84' lang='lat'>·</span> 
     </span>
     <span class='ocr_line' id='line_1_25' title="bbox 290 2344 2577 2443; baseline -0.001 -24"><span class='ocrx_word' id='word_1_209' title='bbox 290 2352 593 2419; x_wconf 81' lang='lat' dir='ltr'>LXXIV.</span> <span class='ocrx_word' id='word_1_210' title='bbox 646 2355 873 2439; x_wconf 79' lang='lat' dir='ltr'>Legati</span> <span class='ocrx_word' id='word_1_211' title='bbox 916 2356 1151 2419; x_wconf 84' lang='lat' dir='ltr'>interim</span> <span class='ocrx_word' id='word_1_212' title='bbox 1199 2378 1275 2420; x_wconf 84' lang='lat' dir='ltr'>ex</span> <span class='ocrx_word' id='word_1_213' title='bbox 1325 2344 1554 2443; x_wconf 81' lang='lat' dir='ltr'>oppido</span> <span class='ocrx_word' id='word_1_214' title='bbox 1600 2357 1832 2436; x_wconf 62' lang='lat' dir='ltr'>Vacca,</span> <span class='ocrx_word' id='word_1_215' title='bbox 1879 2357 2043 2440; x_wconf 88' lang='lat' dir='ltr'>quod</span> <span class='ocrx_word' id='word_1_216' title='bbox 2097 2357 2414 2419; x_wconf 85' lang='lat' dir='ltr'>finitimum</span> <span class='ocrx_word' id='word_1_217' title='bbox 2465 2355 2577 2417; x_wconf 88' lang='lat' dir='ltr'>fuit</span> 
     </span>
     <span class='ocr_line' id='line_1_26' title="bbox 205 2440 2662 2526; baseline 0 -21"><span class='ocrx_word' id='word_1_218' title='bbox 205 2441 426 2519; x_wconf 67' lang='lat' dir='ltr'>zeum,</span> <span class='ocrx_word' id='word_1_219' title='bbox 457 2444 626 2524; x_wconf 85' lang='lat' dir='ltr'>cujus</span> <span class='ocrx_word' id='word_1_220' title='bbox 656 2440 969 2504; x_wconf 70' lang='lat' dir='ltr'>caesarem</span> <span class='ocrx_word' id='word_1_221' title='bbox 1000 2442 1254 2526; x_wconf 87' lang='lat' dir='ltr'>potitum</span> <span class='ocrx_word' id='word_1_222' title='bbox 1280 2464 1409 2505; x_wconf 86' lang='lat' dir='ltr'>esse</span> <span class='ocrx_word' id='word_1_223' title='bbox 1433 2444 1995 2520; x_wconf 84' lang='lat' dir='ltr'>demonstravimus,</span> <span class='ocrx_word' id='word_1_224' title='bbox 2022 2443 2283 2504; x_wconf 86' lang='lat' dir='ltr'>veniunt.</span> <span class='ocrx_word' id='word_1_225' title='bbox 2352 2440 2662 2505; x_wconf 77' lang='lat' dir='ltr'>Petunt-25</span> 
     </span>
     <span class='ocr_line' id='line_1_27' title="bbox 204 2525 2576 2612; baseline -0.002 -21"><span class='ocrx_word' id='word_1_226' title='bbox 204 2542 265 2591; x_wconf 86' lang='lat' dir='ltr'>et</span> <span class='ocrx_word' id='word_1_227' title='bbox 293 2528 630 2605; x_wconf 83' lang='lat' dir='ltr'>obsecrant,</span> <span class='ocrx_word' id='word_1_228' title='bbox 669 2541 733 2590; x_wconf 90' lang='lat' dir='ltr'>ut</span> <span class='ocrx_word' id='word_1_229' title='bbox 761 2529 873 2590; x_wconf 87' lang='lat' dir='ltr'>sibi</span> <span class='ocrx_word' id='word_1_230' title='bbox 904 2527 1252 2611; x_wconf 84' lang='lat' dir='ltr'>praesidium</span> <span class='ocrx_word' id='word_1_231' title='bbox 1300 2529 1515 2592; x_wconf 86' lang='lat' dir='ltr'>mittat.</span> <span class='ocrx_word' id='word_1_232' title='bbox 1607 2529 1689 2591; x_wconf 91' lang='lat' dir='ltr'>Se</span> <span class='ocrx_word' id='word_1_233' title='bbox 1718 2551 1812 2591; x_wconf 89' lang='lat' dir='ltr'>res</span> <span class='ocrx_word' id='word_1_234' title='bbox 1837 2528 2199 2612; x_wconf 88' lang='lat' dir='ltr'>complures,</span> <span class='ocrx_word' id='word_1_235' title='bbox 2232 2548 2372 2610; x_wconf 83' lang='lat' dir='ltr'>quae</span> <span class='ocrx_word' id='word_1_236' title='bbox 2400 2525 2576 2588; x_wconf 86' lang='lat' dir='ltr'>utiles</span> 
     </span>
     <span class='ocr_line' id='line_1_28' title="bbox 205 2611 2577 2698; baseline 0 -25"><span class='ocrx_word' id='word_1_237' title='bbox 205 2612 369 2674; x_wconf 85' lang='lat' dir='ltr'>bello</span> <span class='ocrx_word' id='word_1_238' title='bbox 394 2625 548 2689; x_wconf 84' lang='lat' dir='ltr'>sunt,</span> <span class='ocrx_word' id='word_1_239' title='bbox 574 2612 1109 2676; x_wconf 87' lang='lat' dir='ltr'>administraturos.</span> <span class='ocrx_word' id='word_1_240' title='bbox 1182 2611 1307 2676; x_wconf 87' lang='lat' dir='ltr'>Per</span> <span class='ocrx_word' id='word_1_241' title='bbox 1335 2614 1396 2676; x_wconf 89' lang='lat' dir='ltr'>id</span> <span class='ocrx_word' id='word_1_242' title='bbox 1420 2627 1655 2698; x_wconf 80' lang='lat' dir='ltr'>tempus</span> <span class='ocrx_word' id='word_1_243' title='bbox 1680 2615 1756 2677; x_wconf 89' lang='lat' dir='ltr'>de</span> <span class='ocrx_word' id='word_1_244' title='bbox 1778 2634 1985 2675; x_wconf 87' lang='lat' dir='ltr'>eorum</span> <span class='ocrx_word' id='word_1_245' title='bbox 2010 2613 2317 2675; x_wconf 82' lang='lat' dir='ltr'>voluntate</span> <span class='ocrx_word' id='word_1_246' title='bbox 2347 2611 2577 2674; x_wconf 87' lang='lat' dir='ltr'>studio-</span> 
     </span>
     <span class='ocr_line' id='line_1_29' title="bbox 207 2696 2575 2780; baseline -0 -22"><span class='ocrx_word' id='word_1_247' title='bbox 207 2718 325 2779; x_wconf 89' lang='lat' dir='ltr'>que</span> <span class='ocrx_word' id='word_1_248' title='bbox 344 2718 498 2779; x_wconf 84' lang='lat' dir='ltr'>erga</span> <span class='ocrx_word' id='word_1_249' title='bbox 527 2696 833 2760; x_wconf 81' lang='lat' dir='ltr'>Caesarem</span> <span class='ocrx_word' id='word_1_250' title='bbox 860 2697 1176 2780; x_wconf 83' lang='lat' dir='ltr'>transfuga</span> <span class='ocrx_word' id='word_1_251' title='bbox 1205 2720 1344 2761; x_wconf 90' lang='lat' dir='ltr'>suos</span> <span class='ocrx_word' id='word_1_252' title='bbox 1373 2700 1533 2761; x_wconf 88' lang='lat' dir='ltr'>cives</span> <span class='ocrx_word' id='word_1_253' title='bbox 1564 2699 1707 2761; x_wconf 86' lang='lat' dir='ltr'>facit</span> <span class='ocrx_word' id='word_1_254' title='bbox 1733 2699 2016 2761; x_wconf 87' lang='lat' dir='ltr'>certiores</span> <span class='ocrx_word' id='word_1_255' title='bbox 2041 2719 2057 2758; x_wconf 72' lang='grc' dir='ltr'><strong>ε</strong></span> <span class='ocrx_word' id='word_1_256' title='bbox 2114 2696 2336 2759; x_wconf 80' lang='lat' dir='ltr'>Jubam</span> <span class='ocrx_word' id='word_1_257' title='bbox 2369 2717 2575 2779; x_wconf 83' lang='lat' dir='ltr'>regem</span> 
     </span>
     <span class='ocr_line' id='line_1_30' title="bbox 207 2782 2576 2868; baseline 0 -25"><span class='ocrx_word' id='word_1_258' title='bbox 207 2782 477 2845; x_wconf 85' lang='lat' dir='ltr'>celeriter</span> <span class='ocrx_word' id='word_1_259' title='bbox 503 2803 643 2845; x_wconf 88' lang='lat' dir='ltr'>cum</span> <span class='ocrx_word' id='word_1_260' title='bbox 671 2783 864 2865; x_wconf 90' lang='lat' dir='ltr'>copiis</span> <span class='ocrx_word' id='word_1_261' title='bbox 894 2783 1032 2861; x_wconf 85' lang='lat' dir='ltr'>suis,</span> <span class='ocrx_word' id='word_1_262' title='bbox 1064 2796 1387 2866; x_wconf 86' lang='lat' dir='ltr'>antequam</span> <span class='ocrx_word' id='word_1_263' title='bbox 1438 2783 1706 2847; x_wconf 81' lang='lat' dir='ltr'>Caesaris</span> <span class='ocrx_word' id='word_1_264' title='bbox 1734 2782 2086 2868; x_wconf 61' lang='lat' dir='ltr'>praesidium</span> <span class='ocrx_word' id='word_1_265' title='bbox 2115 2782 2188 2844; x_wconf 79' lang='lat' dir='ltr'>eo</span> <span class='ocrx_word' id='word_1_266' title='bbox 2221 2782 2576 2865; x_wconf 86' lang='lat' dir='ltr'>perveniret,</span> 
     </span>
     <span class='ocr_line' id='line_1_31' title="bbox 209 2866 2662 2952; baseline -0 -23"><span class='ocrx_word' id='word_1_267' title='bbox 209 2868 285 2930; x_wconf 84' lang='lat' dir='ltr'>ad</span> <span class='ocrx_word' id='word_1_268' title='bbox 308 2868 603 2951; x_wconf 85' lang='lat' dir='ltr'>oppidum</span> <span class='ocrx_word' id='word_1_269' title='bbox 634 2867 1067 2945; x_wconf 72' lang='lat' dir='ltr'>adoneum-isse,</span> <span class='ocrx_word' id='word_1_270' title='bbox 1099 2882 1281 2952; x_wconf 87' lang='lat' dir='ltr'>atque</span> <span class='ocrx_word' id='word_1_271' title='bbox 1310 2870 1663 2932; x_wconf 83' lang='lat' dir='ltr'>adveniente</span> <span class='ocrx_word' id='word_1_272' title='bbox 1687 2866 2063 2929; x_wconf 87' lang='lat' dir='ltr'>multitudine</span> <span class='ocrx_word' id='word_1_273' title='bbox 2087 2866 2478 2942; x_wconf 68' lang='lat' dir='ltr'>circumdata,</span> <span class='ocrx_word' id='word_1_274' title='bbox 2502 2868 2662 2928; x_wconf 71' lang='lat'><strong>0030</strong></span> 
     </span>
     <span class='ocr_line' id='line_1_32' title="bbox 209 2950 2578 3037; baseline -0.001 -23"><span class='ocrx_word' id='word_1_275' title='bbox 209 2953 505 3035; x_wconf 78' lang='lat' dir='ltr'>potitum3</span> <span class='ocrx_word' id='word_1_276' title='bbox 548 2952 947 3036; x_wconf 85' lang='lat' dir='ltr'>omnibusque</span> <span class='ocrx_word' id='word_1_277' title='bbox 973 2954 1102 3035; x_wconf 86' lang='lat' dir='ltr'>ejus</span> <span class='ocrx_word' id='word_1_278' title='bbox 1133 2954 1342 3037; x_wconf 88' lang='lat' dir='ltr'>oppidi</span> <span class='ocrx_word' id='word_1_279' title='bbox 1394 2953 1605 3015; x_wconf 85' lang='lat' dir='ltr'>incolis</span> <span class='ocrx_word' id='word_1_280' title='bbox 1635 2953 1712 3014; x_wconf 84' lang='lat' dir='ltr'>ad</span> <span class='ocrx_word' id='word_1_281' title='bbox 1744 2972 1928 3013; x_wconf 88' lang='lat' dir='ltr'>unum</span> <span class='ocrx_word' id='word_1_282' title='bbox 1960 2950 2302 3026; x_wconf 77' lang='lat' dir='ltr'>interfectis,</span> <span class='ocrx_word' id='word_1_283' title='bbox 2344 2950 2578 3011; x_wconf 88' lang='lat' dir='ltr'>dedisse</span> 
     </span>
     <span class='ocr_line' id='line_1_33' title="bbox 211 3037 1732 3183; baseline -0.001 -85"><span class='ocrx_word' id='word_1_284' title='bbox 211 3038 503 3183; x_wconf 57' lang='lat' dir='ltr'>oppidum</span> <span class='ocrx_word' id='word_1_285' title='bbox 529 3037 644 3100; x_wconf 83' lang='lat' dir='ltr'>diri</span> <span class='ocrx_word' id='word_1_286' title='bbox 689 3037 928 3100; x_wconf 90' lang='lat' dir='ltr'>iendum</span> <span class='ocrx_word' id='word_1_287' title='bbox 959 3037 1401 3121; x_wconf 86' lang='lat' dir='ltr'>delendumque</span> <span class='ocrx_word' id='word_1_288' title='bbox 1424 3037 1732 3099; x_wconf 85' lang='lat' dir='ltr'>militibus.</span> 
     </span>
    </p>

    <p class='ocr_par' dir='ltr' id='par_1_6' title="bbox 210 3116 2678 3724">
     <span class='ocr_line' id='line_1_34' title="bbox 359 3116 2578 3200; baseline -0.003 -17"><span class='ocrx_word' id='word_1_289' title='bbox 359 3119 568 3184; x_wconf 85' lang='lat' dir='ltr'>XXV.</span> <span class='ocrx_word' id='word_1_290' title='bbox 675 3143 832 3184; x_wconf 78' lang='lat' dir='ltr'>aesar</span> <span class='ocrx_word' id='word_1_291' title='bbox 858 3123 1116 3200; x_wconf 80' lang='lat' dir='ltr'>interim,</span> <span class='ocrx_word' id='word_1_292' title='bbox 1161 3122 1417 3185; x_wconf 85' lang='lat' dir='ltr'>lustrato</span> <span class='ocrx_word' id='word_1_293' title='bbox 1461 3122 1730 3184; x_wconf 79' lang='lat' dir='ltr'>exercitu</span> <span class='ocrx_word' id='word_1_294' title='bbox 1759 3142 1815 3182; x_wconf 86' lang='lat' dir='ltr'>a.</span> <span class='ocrx_word' id='word_1_295' title='bbox 1846 3120 1908 3182; x_wconf 88' lang='lat' dir='ltr'>d.</span> <span class='ocrx_word' id='word_1_296' title='bbox 1957 3123 2073 3181; x_wconf 84' lang='lat' dir='ltr'>xn&#39;.</span> <span class='ocrx_word' id='word_1_297' title='bbox 2118 3116 2379 3179; x_wconf 81' lang='lat' dir='ltr'>Kalend.</span> <span class='ocrx_word' id='word_1_298' title='bbox 2427 3118 2578 3199; x_wconf 87' lang='lat' dir='ltr'>Apr.</span> 
     </span>
     <span class='ocr_line' id='line_1_35' title="bbox 211 3200 2584 3310; baseline -0.003 -42"><span class='ocrx_word' id='word_1_299' title='bbox 211 3220 457 3291; x_wconf 87' lang='lat' dir='ltr'>postero</span> <span class='ocrx_word' id='word_1_300' title='bbox 476 3207 584 3269; x_wconf 67' lang='lat' dir='ltr'>‹die</span> <span class='ocrx_word' id='word_1_301' title='bbox 610 3207 918 3310; x_wconf 79' lang='lat' dir='ltr'>productis</span> <span class='ocrx_word' id='word_1_302' title='bbox 962 3207 1257 3270; x_wconf 81' lang='lat' dir='ltr'>universis</span> <span class='ocrx_word' id='word_1_303' title='bbox 1300 3208 1512 3292; x_wconf 73' lang='lat' dir='ltr'>copiis,</span> <span class='ocrx_word' id='word_1_304' title='bbox 1559 3225 1878 3290; x_wconf 82' lang='lat' dir='ltr'>processus</span> <span class='ocrx_word' id='word_1_305' title='bbox 1907 3205 1943 3266; x_wconf 71' lang='lat' dir='ltr'>a</span> <span class='ocrx_word' id='word_1_306' title='bbox 1973 3204 2093 3264; x_wconf 85' lang='lat' dir='ltr'>suis</span> <span class='ocrx_word' id='word_1_307' title='bbox 2137 3202 2349 3264; x_wconf 82' lang='lat' dir='ltr'>castris</span> <span class='ocrx_word' id='word_1_308' title='bbox 2393 3200 2584 3262; x_wconf 78' lang='lat' dir='ltr'>millia</span> 
     </span>
     <span class='ocr_line' id='line_1_36' title="bbox 210 3281 2678 3376; baseline -0.002 -22"><span class='ocrx_word' id='word_1_309' title='bbox 210 3312 498 3376; x_wconf 82' lang='lat' dir='ltr'>passuum</span> <span class='ocrx_word' id='word_1_310' title='bbox 531 3313 588 3353; x_wconf 76' lang='lat' dir='ltr'>v.</span> <span class='ocrx_word' id='word_1_311' title='bbox 620 3313 656 3354; x_wconf 84' lang='lat' dir='ltr'>a</span> <span class='ocrx_word' id='word_1_312' title='bbox 686 3289 988 3375; x_wconf 84' lang='lat' dir='ltr'>Scipionis</span> <span class='ocrx_word' id='word_1_313' title='bbox 1032 3292 1270 3355; x_wconf 83' lang='lat' dir='ltr'>circiter</span> <span class='ocrx_word' id='word_1_314' title='bbox 1316 3314 1387 3355; x_wconf 88' lang='grc' dir='ltr'>ιι.</span> <span class='ocrx_word' id='word_1_315' title='bbox 1427 3291 1679 3354; x_wconf 80' lang='lat' dir='ltr'>millium</span> <span class='ocrx_word' id='word_1_316' title='bbox 1727 3290 2038 3371; x_wconf 67' lang='lat' dir='ltr'>interjecto</span> <span class='ocrx_word' id='word_1_317' title='bbox 2082 3286 2298 3371; x_wconf 86' lang='lat' dir='ltr'>spatio,</span> <span class='ocrx_word' id='word_1_318' title='bbox 2344 3286 2404 3349; x_wconf 84' lang='lat' dir='ltr'>in</span> <span class='ocrx_word' id='word_1_319' title='bbox 2451 3281 2678 3348; x_wconf 59' lang='lat' dir='ltr'>aciessb</span> 
     </span>
     <span class='ocr_line' id='line_1_37' title="bbox 212 3369 2584 3460; baseline -0.003 -21"><span class='ocrx_word' id='word_1_320' title='bbox 212 3377 496 3439; x_wconf 87' lang='lat' dir='ltr'>constitit.</span> <span class='ocrx_word' id='word_1_321' title='bbox 570 3375 902 3459; x_wconf 88' lang='lat' dir='ltr'>Postquam</span> <span class='ocrx_word' id='word_1_322' title='bbox 926 3377 1068 3439; x_wconf 87' lang='lat' dir='ltr'>satis</span> <span class='ocrx_word' id='word_1_323' title='bbox 1093 3378 1318 3460; x_wconf 89' lang='lat' dir='ltr'>diuque</span> <span class='ocrx_word' id='word_1_324' title='bbox 1343 3377 1720 3440; x_wconf 83' lang='lat' dir='ltr'>adversarios</span> <span class='ocrx_word' id='word_1_325' title='bbox 1745 3375 1782 3437; x_wconf 68' lang='lat' dir='ltr'>a</span> <span class='ocrx_word' id='word_1_326' title='bbox 1806 3396 1868 3437; x_wconf 88' lang='lat' dir='ltr'>se</span> <span class='ocrx_word' id='word_1_327' title='bbox 1893 3375 1970 3436; x_wconf 89' lang='lat' dir='ltr'>ad</span> <span class='ocrx_word' id='word_1_328' title='bbox 1995 3372 2407 3435; x_wconf 81' lang='lat' dir='ltr'>dimicandum</span> <span class='ocrx_word' id='word_1_329' title='bbox 2429 3369 2584 3434; x_wconf 83' lang='lat' dir='ltr'>invi-</span> 
     </span>
     <span class='ocr_line' id='line_1_38' title="bbox 212 3455 2586 3546; baseline -0.003 -23"><span class='ocrx_word' id='word_1_330' title='bbox 212 3475 367 3523; x_wconf 84' lang='lat' dir='ltr'>tatos</span> <span class='ocrx_word' id='word_1_331' title='bbox 392 3462 782 3546; x_wconf 82' lang='lat' dir='ltr'>supersedere</span> <span class='ocrx_word' id='word_1_332' title='bbox 816 3482 1047 3545; x_wconf 79' lang='lat' dir='ltr'>pugaae</span> <span class='ocrx_word' id='word_1_333' title='bbox 1095 3462 1536 3539; x_wconf 79' lang='lat' dir='ltr'>animadvertit,</span> <span class='ocrx_word' id='word_1_334' title='bbox 1587 3461 1819 3524; x_wconf 84' lang='lat' dir='ltr'>reducit</span> <span class='ocrx_word' id='word_1_335' title='bbox 1863 3480 1919 3522; x_wconf 75' lang='lat' dir='ltr'>c(</span> <span class='ocrx_word' id='word_1_336' title='bbox 1985 3459 2091 3521; x_wconf 59' lang='lat' dir='ltr'>‘aa</span> <span class='ocrx_word' id='word_1_337' title='bbox 2179 3455 2438 3518; x_wconf 80' lang='lat' dir='ltr'>Postero</span> <span class='ocrx_word' id='word_1_338' title='bbox 2485 3455 2586 3518; x_wconf 90' lang='lat' dir='ltr'>die</span> 
     </span>
     <span class='ocr_line' id='line_1_39' title="bbox 212 3540 2584 3631; baseline -0.003 -23"><span class='ocrx_word' id='word_1_339' title='bbox 212 3560 411 3609; x_wconf 83' lang='lat' dir='ltr'>castra</span> <span class='ocrx_word' id='word_1_340' title='bbox 438 3561 656 3624; x_wconf 83' lang='lat' dir='ltr'>movet,</span> <span class='ocrx_word' id='word_1_341' title='bbox 682 3559 861 3628; x_wconf 68' lang='lat' dir='ltr'>atque</span> <span class='ocrx_word' id='word_1_342' title='bbox 878 3547 997 3609; x_wconf 74' lang='lat' dir='ltr'>iter</span> <span class='ocrx_word' id='word_1_343' title='bbox 1018 3547 1100 3610; x_wconf 83' lang='lat' dir='ltr'>ad</span> <span class='ocrx_word' id='word_1_344' title='bbox 1124 3547 1416 3631; x_wconf 86' lang='lat' dir='ltr'>oppidum</span> <span class='ocrx_word' id='word_1_345' title='bbox 1442 3546 1785 3623; x_wconf 82' lang='lat' dir='ltr'>Sarsuram,</span> <span class='ocrx_word' id='word_1_346' title='bbox 1812 3546 1914 3607; x_wconf 90' lang='lat' dir='ltr'>ubi</span> <span class='ocrx_word' id='word_1_347' title='bbox 2027 3543 2153 3628; x_wconf 86' lang='lat' dir='ltr'>ipio</span> <span class='ocrx_word' id='word_1_348' title='bbox 2177 3540 2584 3606; x_wconf 80' lang='lat' dir='ltr'>Numidarum</span> 
     </span>
     <span class='ocr_line' id='line_1_40' title="bbox 214 3626 2583 3724; baseline -0.003 -32"><span class='ocrx_word' id='word_1_349' title='bbox 214 3630 509 3693; x_wconf 85' lang='lat' dir='ltr'>habuerat</span> <span class='ocrx_word' id='word_1_350' title='bbox 577 3631 950 3714; x_wconf 82' lang='lat' dir='ltr'>praesidium,</span> <span class='ocrx_word' id='word_1_351' title='bbox 1007 3630 1488 3715; x_wconf 85' lang='lat' dir='ltr'>frumentumque</span> <span class='ocrx_word' id='word_1_352' title='bbox 1546 3642 2053 3716; x_wconf 85' lang='lat' dir='ltr'>comportaverat,</span> <span class='ocrx_word' id='word_1_353' title='bbox 2112 3628 2198 3724; x_wconf 81' lang='lat' dir='ltr'>ire</span> <span class='ocrx_word' id='word_1_354' title='bbox 2254 3626 2583 3689; x_wconf 88' lang='lat' dir='ltr'>contendit.</span> 
     </span>
    </p>
   </div>
   <div class='ocr_carea' id='block_1_5' title="bbox 201 3785 2674 4722">
    <p class='ocr_par' dir='ltr' id='par_1_7' title="bbox 208 3785 2672 4166">
     <span class='ocr_line' id='line_1_41' title="bbox 272 3785 2669 3859; baseline -0.004 -18"><span class='ocrx_word' id='word_1_355' title='bbox 272 3791 320 3841; x_wconf 74' lang='lat'>7.</span> <span class='ocrx_word' id='word_1_356' title='bbox 345 3789 455 3839; x_wconf 70' lang='lat' dir='ltr'>Pila</span> <span class='ocrx_word' id='word_1_357' title='bbox 471 3790 740 3854; x_wconf 70' lang='lat' dir='ltr'>proepilt‘la]</span> <span class='ocrx_word' id='word_1_358' title='bbox 805 3792 882 3840; x_wconf 76' lang='lat' dir='ltr'>Ea</span> <span class='ocrx_word' id='word_1_359' title='bbox 901 3807 1005 3854; x_wconf 68' lang='lat' dir='ltr'>que</span> <span class='ocrx_word' id='word_1_360' title='bbox 1021 3791 1128 3852; x_wconf 65' lang='lat' dir='ltr'>pita</span> <span class='ocrx_word' id='word_1_361' title='bbox 1150 3793 1303 3841; x_wconf 73' lang='lat' dir='ltr'>tumr</span> <span class='ocrx_word' id='word_1_362' title='bbox 1323 3796 1406 3841; x_wconf 86' lang='lat' dir='ltr'>ob-</span> <span class='ocrx_word' id='word_1_363' title='bbox 1469 3798 1650 3857; x_wconf 72' lang='lat' dir='ltr'>tempus</span> <span class='ocrx_word' id='word_1_364' title='bbox 1672 3791 1879 3840; x_wconf 78' lang='lat' dir='ltr'>Deorum</span> <span class='ocrx_word' id='word_1_365' title='bbox 1895 3789 2126 3837; x_wconf 76' lang='lat' dir='ltr'>voluntate</span> <span class='ocrx_word' id='word_1_366' title='bbox 2141 3786 2381 3859; x_wconf 61' lang='lat' dir='ltr'>studioque</span> <span class='ocrx_word' id='word_1_367' title='bbox 2393 3800 2504 3848; x_wconf 79' lang='lat' dir='ltr'>erga</span> <span class='ocrx_word' id='word_1_368' title='bbox 2521 3785 2669 3833; x_wconf 64' lang='lat' dir='ltr'>cem-</span> 
     </span>
     <span class='ocr_line' id='line_1_42' title="bbox 210 3847 2672 3929; baseline -0.004 -27"><span class='ocrx_word' id='word_1_369' title='bbox 210 3859 320 3929; x_wconf 69' lang='lat' dir='ltr'>tusa</span> <span class='ocrx_word' id='word_1_370' title='bbox 351 3853 567 3928; x_wconf 69' lang='lat' dir='ltr'>minine</span> <span class='ocrx_word' id='word_1_371' title='bbox 586 3863 741 3911; x_wconf 63' lang='lat' dir='ltr'>aaut,</span> <span class='ocrx_word' id='word_1_372' title='bbox 763 3855 932 3913; x_wconf 79' lang='lat' dir='ltr'>quibus</span> <span class='ocrx_word' id='word_1_373' title='bbox 963 3857 1217 3903; x_wconf 75' lang='lat' dir='ltr'>utebantur</span> <span class='ocrx_word' id='word_1_374' title='bbox 1237 3855 1287 3902; x_wconf 84' lang='lat' dir='ltr'>in</span> <span class='ocrx_word' id='word_1_375' title='bbox 1307 3869 1407 3904; x_wconf 86' lang='lat' dir='ltr'>non</span> <span class='ocrx_word' id='word_1_376' title='bbox 1468 3871 1566 3903; x_wconf 72' lang='lat' dir='ltr'>rem</span> <span class='ocrx_word' id='word_1_377' title='bbox 1588 3853 1832 3928; x_wconf 68' lang='lat' dir='ltr'>transfuga</span> <span class='ocrx_word' id='word_1_378' title='bbox 1863 3867 1964 3900; x_wconf 72' lang='lat' dir='ltr'>mus</span> <span class='ocrx_word' id='word_1_379' title='bbox 1985 3850 2240 3925; x_wconf 68' lang='lat' dir='ltr'>civessczct&#39;t</span> <span class='ocrx_word' id='word_1_380' title='bbox 2268 3854 2478 3897; x_wconf 69' lang='lat' dir='ltr'>certiores</span> <span class='ocrx_word' id='word_1_381' title='bbox 2497 3847 2672 3894; x_wconf 66' lang='lat' dir='ltr'>suham</span> 
     </span>
     <span class='ocr_line' id='line_1_43' title="bbox 208 3910 2670 4046; baseline -0.004 -22"><span class='ocrx_word' id='word_1_382' title='bbox 208 3930 573 4040; x_wconf 43' lang='lat' dir='ltr'>”samaa</span> <span class='ocrx_word' id='word_1_383' title='bbox 618 3978 859 4040; x_wconf 60' lang='lat' dir='ltr'>oppam.</span> <span class='ocrx_word' id='word_1_384' title='bbox 882 3979 1196 4028; x_wconf 56' lang='lat' dir='ltr'>Nummum</span> <span class='ocrx_word' id='word_1_385' title='bbox 1228 3987 1318 4037; x_wconf 63' lang='lat' dir='ltr'>m,</span> <span class='ocrx_word' id='word_1_386' title='bbox 1341 3980 1410 4025; x_wconf 73' lang='lat' dir='ltr'>r.-</span> <span class='ocrx_word' id='word_1_387' title='bbox 1469 3910 2670 4046; x_wconf 50' lang='lat' dir='ltr'>wpizfim&#39;zmfflgssffff’ffffiztfz:</span> 
     </span>
     <span class='ocr_line' id='line_1_44' title="bbox 209 4033 2671 4106; baseline -0.002 -19"><span class='ocrx_word' id='word_1_388' title='bbox 209 4055 407 4101; x_wconf 83' lang='lat' dir='ltr'>rumque</span> <span class='ocrx_word' id='word_1_389' title='bbox 444 4054 604 4088; x_wconf 86' lang='lat' dir='ltr'>rerum</span> <span class='ocrx_word' id='word_1_390' title='bbox 641 4041 878 4088; x_wconf 82' lang='lat' dir='ltr'>venalium</span> <span class='ocrx_word' id='word_1_391' title='bbox 912 4041 1057 4096; x_wconf 75' lang='lat' dir='ltr'>totins</span> <span class='ocrx_word' id='word_1_392' title='bbox 1084 4042 1238 4105; x_wconf 77' lang='lat' dir='ltr'>regni,</span> <span class='ocrx_word' id='word_1_393' title='bbox 1261 4041 1413 4100; x_wconf 84' lang='lat' dir='ltr'>inquit</span> <span class='ocrx_word' id='word_1_394' title='bbox 1474 4041 1721 4090; x_wconf 62' lang='lat' dir='ltr'>cucurrisse</span> <span class='ocrx_word' id='word_1_395' title='bbox 1758 4047 1892 4103; x_wconf 76' lang='lat' dir='ltr'>atque</span> <span class='ocrx_word' id='word_1_396' title='bbox 1916 4038 2228 4086; x_wconf 70' lang='lat' dir='ltr'>advertimlem</span> <span class='ocrx_word' id='word_1_397' title='bbox 2257 4033 2553 4084; x_wconf 65' lang='lat' dir='ltr'>mullitudine</span> <span class='ocrx_word' id='word_1_398' title='bbox 2584 4033 2671 4106; x_wconf 56' lang='lat' dir='ltr'>eir:</span> 
     </span>
     <span class='ocr_line' id='line_1_45' title="bbox 212 4095 2672 4166; baseline -0.004 -16"><span class='ocrx_word' id='word_1_399' title='bbox 212 4103 479 4150; x_wconf 72' lang='lat' dir='ltr'>Sallustius.</span> <span class='ocrx_word' id='word_1_400' title='bbox 1472 4102 1705 4160; x_wconf 75' lang='lat' dir='ltr'>cumdum,</span> <span class='ocrx_word' id='word_1_401' title='bbox 1736 4117 1788 4150; x_wconf 74' lang='lat' dir='ltr'>eo</span> <span class='ocrx_word' id='word_1_402' title='bbox 1819 4102 2036 4166; x_wconf 76' lang='lat' dir='ltr'>potitum.</span> <span class='ocrx_word' id='word_1_403' title='bbox 2100 4097 2284 4146; x_wconf 69' lang='lat' dir='ltr'>Revera</span> <span class='ocrx_word' id='word_1_404' title='bbox 2316 4095 2547 4158; x_wconf 69' lang='lat' dir='ltr'>singulm-t</span> <span class='ocrx_word' id='word_1_405' title='bbox 2579 4095 2672 4142; x_wconf 78' lang='lat' dir='ltr'>Det</span> 
     </span>
    </p>

    <p class='ocr_par' dir='ltr' id='par_1_8' title="bbox 201 4162 2674 4660">
     <span class='ocr_line' id='line_1_46' title="bbox 270 4162 2671 4228; baseline -0.004 -15"><span class='ocrx_word' id='word_1_406' title='bbox 270 4165 347 4213; x_wconf 78' lang='lat'>27.</span> <span class='ocrx_word' id='word_1_407' title='bbox 370 4164 465 4211; x_wconf 81' lang='lat' dir='ltr'>Per</span> <span class='ocrx_word' id='word_1_408' title='bbox 479 4162 532 4211; x_wconf 73' lang='lat' dir='ltr'>id</span> <span class='ocrx_word' id='word_1_409' title='bbox 552 4168 728 4228; x_wconf 74' lang='lat' dir='ltr'>tempus</span> <span class='ocrx_word' id='word_1_410' title='bbox 744 4164 798 4213; x_wconf 75' lang='lat' dir='ltr'>de</span> <span class='ocrx_word' id='word_1_411' title='bbox 816 4180 973 4214; x_wconf 78' lang='lat' dir='ltr'>eorum</span> <span class='ocrx_word' id='word_1_412' title='bbox 986 4165 1218 4214; x_wconf 71' lang='lat' dir='ltr'>voluntate</span> <span class='ocrx_word' id='word_1_413' title='bbox 1238 4163 1410 4213; x_wconf 65' lang='lat' dir='ltr'>audio-</span> <span class='ocrx_word' id='word_1_414' title='bbox 1472 4167 1767 4227; x_wconf 75' lang='lat' dir='ltr'>benignitate</span> <span class='ocrx_word' id='word_1_415' title='bbox 1789 4179 1910 4228; x_wconf 76' lang='lat' dir='ltr'>erga</span> <span class='ocrx_word' id='word_1_416' title='bbox 1927 4164 2166 4210; x_wconf 58' lang='lat' dir='ltr'>Cursarem</span> <span class='ocrx_word' id='word_1_417' title='bbox 2190 4163 2369 4208; x_wconf 78' lang='lat' dir='ltr'>sactum</span> <span class='ocrx_word' id='word_1_418' title='bbox 2391 4167 2542 4211; x_wconf 79' lang='lat' dir='ltr'>est‚ut</span> <span class='ocrx_word' id='word_1_419' title='bbox 2560 4173 2619 4204; x_wconf 88' lang='lat' dir='ltr'>co</span> <span class='ocrx_word' id='word_1_420' title='bbox 2654 4182 2671 4192; x_wconf 90' lang='lat'>-</span> 
     </span>
     <span class='ocr_line' id='line_1_47' title="bbox 207 4219 2670 4291; baseline -0.003 -18"><span class='ocrx_word' id='word_1_421' title='bbox 207 4240 295 4289; x_wconf 77' lang='lat' dir='ltr'>que</span> <span class='ocrx_word' id='word_1_422' title='bbox 330 4239 442 4287; x_wconf 78' lang='lat' dir='ltr'>erga</span> <span class='ocrx_word' id='word_1_423' title='bbox 476 4226 702 4275; x_wconf 77' lang='lat' dir='ltr'>Caemrem</span> <span class='ocrx_word' id='word_1_424' title='bbox 739 4227 984 4291; x_wconf 77' lang='lat' dir='ltr'>tramsuga</span> <span class='ocrx_word' id='word_1_425' title='bbox 1017 4243 1119 4280; x_wconf 71' lang='lat' dir='ltr'>ms</span> <span class='ocrx_word' id='word_1_426' title='bbox 1145 4227 1262 4275; x_wconf 68' lang='lat' dir='ltr'>cives</span> <span class='ocrx_word' id='word_1_427' title='bbox 1285 4227 1410 4290; x_wconf 71' lang='lat' dir='ltr'>facit</span> <span class='ocrx_word' id='word_1_428' title='bbox 1473 4229 1658 4276; x_wconf 82' lang='lat' dir='ltr'>noverit</span> <span class='ocrx_word' id='word_1_429' title='bbox 1695 4226 1825 4286; x_wconf 78' lang='lat' dir='ltr'>prius</span> <span class='ocrx_word' id='word_1_430' title='bbox 1861 4227 2089 4285; x_wconf 81' lang='lat' dir='ltr'>oppidum</span> <span class='ocrx_word' id='word_1_431' title='bbox 2122 4237 2228 4270; x_wconf 75' lang='lat' dir='ltr'>esse</span> <span class='ocrx_word' id='word_1_432' title='bbox 2264 4229 2458 4280; x_wconf 73' lang='lat' dir='ltr'>captum</span> <span class='ocrx_word' id='word_1_433' title='bbox 2482 4219 2510 4267; x_wconf 65' lang='lat' dir='ltr'>a</span> <span class='ocrx_word' id='word_1_434' title='bbox 2529 4220 2624 4265; x_wconf 84' lang='lat' dir='ltr'>Jub</span> <span class='ocrx_word' id='word_1_435' title='bbox 2657 4251 2670 4276; x_wconf 83' lang='lat'>‚</span> 
     </span>
     <span class='ocr_line' id='line_1_48' title="bbox 206 4285 2673 4352; baseline -0.003 -16"><span class='ocrx_word' id='word_1_436' title='bbox 206 4288 417 4336; x_wconf 73' lang='lat' dir='ltr'>certium</span> <span class='ocrx_word' id='word_1_437' title='bbox 431 4307 445 4333; x_wconf 92' lang='grc'>.·</span> <span class='ocrx_word' id='word_1_438' title='bbox 490 4287 665 4335; x_wconf 69' lang='lat' dir='ltr'>Iubam</span> <span class='ocrx_word' id='word_1_439' title='bbox 696 4302 853 4351; x_wconf 76' lang='lat' dir='ltr'>regem</span> <span class='ocrx_word' id='word_1_440' title='bbox 890 4290 1095 4338; x_wconf 73' lang='lat' dir='ltr'>celeriter</span> <span class='ocrx_word' id='word_1_441' title='bbox 1129 4304 1229 4336; x_wconf 80' lang='lat' dir='ltr'>cum</span> <span class='ocrx_word' id='word_1_442' title='bbox 1269 4290 1413 4352; x_wconf 72' lang='lat' dir='ltr'>copiis</span> <span class='ocrx_word' id='word_1_443' title='bbox 1475 4290 1617 4351; x_wconf 68' lang='lat' dir='ltr'>quam</span> <span class='ocrx_word' id='word_1_444' title='bbox 1641 4290 1909 4348; x_wconf 69' lang='lat' dir='ltr'>prmidium</span> <span class='ocrx_word' id='word_1_445' title='bbox 1932 4303 1991 4335; x_wconf 83' lang='lat' dir='ltr'>eo</span> <span class='ocrx_word' id='word_1_446' title='bbox 2013 4286 2236 4342; x_wconf 73' lang='lat' dir='ltr'>misisset,</span> <span class='ocrx_word' id='word_1_447' title='bbox 2256 4285 2385 4344; x_wconf 86' lang='lat' dir='ltr'>quod</span> <span class='ocrx_word' id='word_1_448' title='bbox 2402 4286 2462 4329; x_wconf 87' lang='lat' dir='ltr'>ab</span> <span class='ocrx_word' id='word_1_449' title='bbox 2480 4297 2537 4328; x_wconf 88' lang='lat' dir='ltr'>eo</span> <span class='ocrx_word' id='word_1_450' title='bbox 2560 4295 2673 4343; x_wconf 76' lang='lat' dir='ltr'>rege</span> 
     </span>
     <span class='ocr_line' id='line_1_49' title="bbox 203 4347 2569 4415; baseline -0.004 -17"><span class='ocrx_word' id='word_1_451' title='bbox 203 4349 321 4404; x_wconf 67' lang='lat' dir='ltr'>stris,</span> <span class='ocrx_word' id='word_1_452' title='bbox 343 4355 591 4411; x_wconf 76' lang='lat' dir='ltr'>antequam</span> <span class='ocrx_word' id='word_1_453' title='bbox 618 4349 810 4399; x_wconf 66' lang='lat' dir='ltr'>cmv-is</span> <span class='ocrx_word' id='word_1_454' title='bbox 831 4352 1104 4415; x_wconf 56' lang='lat' dir='ltr'>protadium</span> <span class='ocrx_word' id='word_1_455' title='bbox 1126 4349 1177 4398; x_wconf 74' lang='lat' dir='ltr'>er)</span> <span class='ocrx_word' id='word_1_456' title='bbox 1313 4351 1411 4399; x_wconf 79' lang='lat' dir='ltr'>cni·</span> <span class='ocrx_word' id='word_1_457' title='bbox 1475 4367 1564 4412; x_wconf 80' lang='lat' dir='ltr'>per</span> <span class='ocrx_word' id='word_1_458' title='bbox 1585 4351 1780 4398; x_wconf 72' lang='lat' dir='ltr'>insidias</span> <span class='ocrx_word' id='word_1_459' title='bbox 1802 4351 1906 4398; x_wconf 80' lang='lat' dir='ltr'>sine</span> <span class='ocrx_word' id='word_1_460' title='bbox 1926 4350 2071 4397; x_wconf 78' lang='lat' dir='ltr'>dubio</span> <span class='ocrx_word' id='word_1_461' title='bbox 2086 4347 2254 4394; x_wconf 77' lang='lat' dir='ltr'>fuisset</span> <span class='ocrx_word' id='word_1_462' title='bbox 2276 4358 2569 4404; x_wconf 81' lang='lat' dir='ltr'>oppressum.</span> 
     </span>
     <span class='ocr_line' id='line_1_50' title="bbox 203 4365 2674 4476; baseline -0.003 -15"><span class='ocrx_word' id='word_1_463' title='bbox 203 4417 296 4466; x_wconf 74' lang='lat' dir='ltr'>ret,</span> <span class='ocrx_word' id='word_1_464' title='bbox 317 4411 379 4456; x_wconf 79' lang='lat' dir='ltr'>ml</span> <span class='ocrx_word' id='word_1_465' title='bbox 399 4427 424 4458; x_wconf 84' lang='grc' dir='ltr'><strong><em>ο</em></strong></span> <span class='ocrx_word' id='word_1_466' title='bbox 495 4410 618 4460; x_wconf 68' lang='lat' dir='ltr'>&#39;dnm</span> <span class='ocrx_word' id='word_1_467' title='bbox 637 4413 963 4471; x_wconf 63' lang='lat' dir='ltr'>adenona-inc,</span> <span class='ocrx_word' id='word_1_468' title='bbox 983 4419 1119 4476; x_wconf 78' lang='lat' dir='ltr'>atque</span> <span class='ocrx_word' id='word_1_469' title='bbox 1141 4365 1408 4462; x_wconf 52' lang='lat' dir='ltr'>umente</span> <span class='ocrx_word' id='word_1_470' title='bbox 1531 4415 1610 4461; x_wconf 72' lang='lat'>³⁴.</span> <span class='ocrx_word' id='word_1_471' title='bbox 1648 4413 1898 4461; x_wconf 64' lang='lat' dir='ltr'>Proetum.</span> <span class='ocrx_word' id='word_1_472' title='bbox 1954 4412 2078 4465; x_wconf 75' lang='lat' dir='ltr'>Quia</span> <span class='ocrx_word' id='word_1_473' title='bbox 2101 4408 2276 4455; x_wconf 84' lang='lat' dir='ltr'>nullum</span> <span class='ocrx_word' id='word_1_474' title='bbox 2297 4408 2396 4453; x_wconf 82' lang='lat' dir='ltr'>tale</span> <span class='ocrx_word' id='word_1_475' title='bbox 2418 4415 2489 4453; x_wconf 84' lang='lat' dir='ltr'>est</span> <span class='ocrx_word' id='word_1_476' title='bbox 2511 4421 2674 4454; x_wconf 79' lang='lat' dir='ltr'>exem·</span> 
     </span>
     <span class='ocr_line' id='line_1_51' title="bbox 202 4471 2673 4539; baseline -0.002 -17"><span class='ocrx_word' id='word_1_477' title='bbox 202 4471 399 4522; x_wconf 67' lang='lat' dir='ltr'>multitu</span> <span class='ocrx_word' id='word_1_478' title='bbox 432 4473 506 4522; x_wconf 77' lang='lat' dir='ltr'>ine</span> <span class='ocrx_word' id='word_1_479' title='bbox 528 4474 826 4532; x_wconf 67' lang='lat' dir='ltr'>circumdata,</span> <span class='ocrx_word' id='word_1_480' title='bbox 848 4491 899 4523; x_wconf 85' lang='lat' dir='ltr'>eo</span> <span class='ocrx_word' id='word_1_481' title='bbox 915 4474 1151 4539; x_wconf 66' lang='lat' dir='ltr'>potitum]</span> <span class='ocrx_word' id='word_1_482' title='bbox 1215 4473 1410 4534; x_wconf 83' lang='lat' dir='ltr'>Turpis·</span> <span class='ocrx_word' id='word_1_483' title='bbox 1472 4477 1604 4535; x_wconf 82' lang='lat' dir='ltr'>plum</span> <span class='ocrx_word' id='word_1_484' title='bbox 1627 4476 1675 4521; x_wconf 82' lang='lat' dir='ltr'>iu</span> <span class='ocrx_word' id='word_1_485' title='bbox 1699 4473 1870 4522; x_wconf 62' lang='lat' dir='ltr'>Latini</span> <span class='ocrx_word' id='word_1_486' title='bbox 1910 4473 2069 4533; x_wconf 66' lang='lat' dir='ltr'>mgna,</span> <span class='ocrx_word' id='word_1_487' title='bbox 2098 4471 2275 4516; x_wconf 81' lang='lat' dir='ltr'>malum</span> <span class='ocrx_word' id='word_1_488' title='bbox 2309 4483 2538 4527; x_wconf 79' lang='lat' dir='ltr'>reponere</span> <span class='ocrx_word' id='word_1_489' title='bbox 2566 4483 2673 4530; x_wconf 80' lang='lat' dir='ltr'>pro-</span> 
     </span>
     <span class='ocr_line' id='line_1_52' title="bbox 201 4531 2671 4610; baseline -0.003 -27"><span class='ocrx_word' id='word_1_490' title='bbox 201 4536 331 4583; x_wconf 76' lang='lat' dir='ltr'>simo</span> <span class='ocrx_word' id='word_1_491' title='bbox 386 4537 560 4583; x_wconf 88' lang='lat' dir='ltr'>mendo</span> <span class='ocrx_word' id='word_1_492' title='bbox 610 4547 765 4585; x_wconf 81' lang='lat' dir='ltr'>totam</span> <span class='ocrx_word' id='word_1_493' title='bbox 818 4540 1083 4585; x_wconf 82' lang='lat' dir='ltr'>orationem</span> <span class='ocrx_word' id='word_1_494' title='bbox 1135 4538 1410 4585; x_wconf 74' lang='lat' dir='ltr'>obscuranti</span> <span class='ocrx_word' id='word_1_495' title='bbox 1470 4552 1664 4600; x_wconf 68' lang='lat' dir='ltr'>gres-ms,</span> <span class='ocrx_word' id='word_1_496' title='bbox 1687 4538 1760 4583; x_wconf 79' lang='lat' dir='ltr'>vel</span> <span class='ocrx_word' id='word_1_497' title='bbox 1781 4536 2024 4610; x_wconf 65' lang='lat' dir='ltr'>profectus,</span> <span class='ocrx_word' id='word_1_498' title='bbox 2047 4535 2174 4593; x_wconf 86' lang='lat' dir='ltr'>quod</span> <span class='ocrx_word' id='word_1_499' title='bbox 2206 4533 2348 4578; x_wconf 81' lang='lat' dir='ltr'>habet</span> <span class='ocrx_word' id='word_1_500' title='bbox 2380 4531 2671 4590; x_wconf 80' lang='lat' dir='ltr'>manuscrip-</span> 
     </span>
     <span class='ocr_line' id='line_1_53' title="bbox 204 4597 2384 4660; baseline -0.002 -16"><span class='ocrx_word' id='word_1_501' title='bbox 204 4598 498 4644; x_wconf 82' lang='lat' dir='ltr'>medicinam</span> <span class='ocrx_word' id='word_1_502' title='bbox 532 4600 711 4647; x_wconf 76' lang='lat' dir='ltr'>faciunt</span> <span class='ocrx_word' id='word_1_503' title='bbox 751 4600 1062 4659; x_wconf 78' lang='lat' dir='ltr'>manuscripti</span> <span class='ocrx_word' id='word_1_504' title='bbox 1097 4597 1283 4645; x_wconf 83' lang='lat' dir='ltr'>codices</span> <span class='ocrx_word' id='word_1_505' title='bbox 1315 4601 1410 4646; x_wconf 83' lang='lat' dir='ltr'>duo</span> <span class='ocrx_word' id='word_1_506' title='bbox 1474 4609 1550 4648; x_wconf 80' lang='lat' dir='ltr'>tus</span> <span class='ocrx_word' id='word_1_507' title='bbox 1571 4599 1733 4660; x_wconf 65' lang='lat' dir='ltr'>Regiae</span> <span class='ocrx_word' id='word_1_508' title='bbox 1755 4598 2051 4644; x_wconf 75' lang='lat' dir='ltr'>bibhothecm</span> <span class='ocrx_word' id='word_1_509' title='bbox 2073 4597 2224 4649; x_wconf 76' lang='lat' dir='ltr'>codex</span> <span class='ocrx_word' id='word_1_510' title='bbox 2249 4608 2384 4642; x_wconf 81' lang='lat' dir='ltr'>nnus.</span> 
     </span>
    </p>

    <p class='ocr_par' dir='ltr' id='par_1_9' title="bbox 205 4659 1416 4722">
     <span class='ocr_line' id='line_1_54' title="bbox 205 4659 1416 4722; baseline 0.002 -16"><span class='ocrx_word' id='word_1_511' title='bbox 205 4659 416 4718; x_wconf 69' lang='lat' dir='ltr'>Thu-ui,</span> <span class='ocrx_word' id='word_1_512' title='bbox 438 4661 552 4711; x_wconf 78' lang='lat' dir='ltr'>item</span> <span class='ocrx_word' id='word_1_513' title='bbox 575 4660 754 4722; x_wconf 78' lang='lat' dir='ltr'>Regius</span> <span class='ocrx_word' id='word_1_514' title='bbox 777 4677 898 4712; x_wconf 74' lang='lat' dir='ltr'>unus</span> <span class='ocrx_word' id='word_1_515' title='bbox 920 4664 988 4711; x_wconf 71' lang='lat' dir='ltr'>sic</span> <span class='ocrx_word' id='word_1_516' title='bbox 1001 4663 1208 4716; x_wconf 70' lang='lat' dir='ltr'>habent:</span> <span class='ocrx_word' id='word_1_517' title='bbox 1245 4660 1346 4720; x_wconf 69' lang='lat' dir='ltr'>,Per</span> <span class='ocrx_word' id='word_1_518' title='bbox 1364 4660 1416 4709; x_wconf 69' lang='lat' dir='ltr'>id</span> 
     </span>
    </p>
   </div>
   <div class='ocr_carea' id='block_1_6' title="bbox 1452 4861 1481 4887">
    <p class='ocr_par' dir='ltr' id='par_1_10' title="bbox 1452 4861 1481 4887">
     <span class='ocr_line' id='line_1_55' title="bbox 1452 4861 1481 4887; baseline 0 0"><span class='ocrx_word' id='word_1_519' title='bbox 1452 4861 1481 4887; x_wconf 51' lang='grc' dir='ltr'>Β</span> 
     </span>
    </p>
   </div>
  </div>
 </body>
</html>
